Gmt time,Ask,Bid,AskVolume,BidVolume
01.05.2009 00:00:00.321,1.3245500000000001,1.3243500000000001,14.2,1.6
01.05.2009 00:00:01.691,1.3245500000000001,1.3243500000000001,15.6,1.6
01.05.2009 00:00:01.971,1.3245500000000001,1.3243500000000001,14.2,1.6
01.05.2009 00:00:02.200,1.3245500000000001,1.3243500000000001,6.4,1.6
01.05.2009 00:00:02.991,1.3245500000000001,1.3244,4.8,9.6
01.05.2009 00:00:03.330,1.32465,1.3244500000000001,14.2,1.6
01.05.2009 00:00:03.671,1.3245500000000001,1.3244,6.4,1.6
01.05.2009 00:00:04.210,1.3245500000000001,1.3244500000000001,4.8,1.6
01.05.2009 00:00:04.390,1.3246,1.3244500000000001,1.6,4.8
01.05.2009 00:00:04.720,1.32465,1.3245,6.2,3.2
01.05.2009 00:00:05.050,1.3247,1.3245,6.4,1.6
01.05.2009 00:00:05.929,1.3247,1.3245,9.6,1.6
01.05.2009 00:00:09.769,1.3247,1.3245,9.6,4.8
01.05.2009 00:00:13.708,1.3247,1.3245,9.6,8
01.05.2009 00:00:14.059,1.32475,1.3245500000000001,8,1.6
01.05.2009 00:00:14.568,1.3247,1.3245500000000001,3.2,1.6
01.05.2009 00:00:14.858,1.3247,1.3245500000000001,8,1.6
01.05.2009 00:00:15.088,1.3247,1.3245,9.6,1.6
01.05.2009 00:00:16.657,1.3247,1.3245,9.6,4.8
01.05.2009 00:00:29.154,1.3247,1.3245,9.6,1.6
01.05.2009 00:00:34.913,1.3247,1.3245,14.4,6.4
01.05.2009 00:00:36.122,1.3247,1.3245,17.6,6.4
01.05.2009 00:00:36.412,1.32465,1.3244500000000001,9.6,9.6
01.05.2009 00:00:36.592,1.32465,1.3244500000000001,9.6,4.8
01.05.2009 00:00:36.822,1.3245500000000001,1.3243500000000001,4.8,5.6
01.05.2009 00:00:37.062,1.3245500000000001,1.3243500000000001,6.4,4.8
01.05.2009 00:00:37.242,1.3246,1.3243500000000001,3.2,8
01.05.2009 00:00:37.702,1.3245500000000001,1.3243500000000001,9.6,4.8
01.05.2009 00:00:38.202,1.3245500000000001,1.3243500000000001,6.4,4.8
01.05.2009 00:00:38.552,1.3245500000000001,1.3243500000000001,9.6,4.8
01.05.2009 00:00:39.002,1.3245500000000001,1.3243500000000001,8,3.2
01.05.2009 00:00:39.172,1.3245500000000001,1.3243500000000001,9.6,4.8
01.05.2009 00:00:39.471,1.3246,1.3243500000000001,5.4,8
01.05.2009 00:00:39.812,1.3246,1.3243500000000001,6.4,8
01.05.2009 00:00:39.931,1.3245500000000001,1.3243500000000001,6.4,4.8
01.05.2009 00:00:39.982,1.3245500000000001,1.3243500000000001,9.6,4.8
01.05.2009 00:00:40.101,1.3245500000000001,1.3243500000000001,4.8,9.6
01.05.2009 00:00:40.222,1.3245500000000001,1.3243500000000001,3.2,8
01.05.2009 00:00:40.472,1.3245500000000001,1.3244500000000001,3.2,1.6
01.05.2009 00:00:40.581,1.3246,1.3244500000000001,8,1.6
01.05.2009 00:00:40.922,1.3246,1.3244500000000001,1.6,1
01.05.2009 00:00:41.151,1.3246,1.3244,11.2,12.8
01.05.2009 00:00:41.541,1.3246,1.3244,11.2,9.6
01.05.2009 00:00:41.841,1.3246,1.3244,9.6,12.8
01.05.2009 00:00:42.081,1.3246,1.3244500000000001,8,1.6
01.05.2009 00:00:42.261,1.3246,1.3244,14.4,9.6
01.05.2009 00:00:43.830,1.3246,1.3244500000000001,4.8,1.6
01.05.2009 00:00:44.120,1.3246,1.3244,11.2,9.6
01.05.2009 00:00:44.411,1.3246,1.3244,14.4,9.6
01.05.2009 00:00:45.630,1.3246,1.3244,14.4,6.4
01.05.2009 00:01:05.015,1.3246,1.3244,19,6.4
01.05.2009 00:01:06.595,1.3245500000000001,1.3244,4.8,6.4
01.05.2009 00:01:06.765,1.3245500000000001,1.3244,8,1.6
01.05.2009 00:01:07.045,1.3245500000000001,1.3244,12.6,1.6
01.05.2009 00:01:07.215,1.3245500000000001,1.3243500000000001,14.2,1.6
01.05.2009 00:01:08.844,1.3245500000000001,1.3243500000000001,14.2,4.8
01.05.2009 00:01:09.024,1.3245500000000001,1.3244,1.6,4.8
01.05.2009 00:01:09.354,1.3246,1.3244,19,6.4
01.05.2009 00:01:17.442,1.3245,1.3244,1,6.4
01.05.2009 00:01:18.622,1.3245,1.3244,1,6.4
01.05.2009 00:01:28.160,1.3245,1.3244,1,8.2
01.05.2009 00:01:28.400,1.3245,1.3244500000000001,1,1.6
01.05.2009 00:01:28.630,1.32465,1.3244500000000001,14.8,1.6
01.05.2009 00:01:28.869,1.32465,1.3244500000000001,15.2,4.8
01.05.2009 00:01:29.149,1.32465,1.3245,8.8,1.6
01.05.2009 00:01:29.270,1.32465,1.3245,8.8,6.4
01.05.2009 00:01:29.789,1.32465,1.3245,10.4,4.8
01.05.2009 00:01:30.230,1.32465,1.3245,8.8,6.4
01.05.2009 00:01:38.847,1.32465,1.3245,7.8,6.4
01.05.2009 00:01:40.247,1.32465,1.3245,14.2,4.8
01.05.2009 00:01:40.307,1.3246,1.3245,4.8,4.8
01.05.2009 00:01:40.827,1.3246,1.3245,4.8,4.8
01.05.2009 00:01:40.937,1.32465,1.3245,7.8,6.4
01.05.2009 00:01:40.997,1.32465,1.3245,4.6,6.4
01.05.2009 00:01:41.047,1.3247,1.3245,23,6.4
01.05.2009 00:01:41.107,1.3247,1.3245,21.4,6.4
01.05.2009 00:01:41.307,1.3246,1.3245,4.8,4.8
01.05.2009 00:01:42.796,1.32465,1.3245,4.8,4.8
01.05.2009 00:01:43.266,1.3246,1.3245,4.8,6.4
01.05.2009 00:01:43.546,1.3246,1.3245,4.8,4.8
01.05.2009 00:01:54.573,1.3247,1.3245,19,6.4
01.05.2009 00:01:59.322,1.32465,1.3245,4.6,6.4
01.05.2009 00:01:59.602,1.3246,1.3245,4.8,4.8
01.05.2009 00:01:59.942,1.32465,1.3245,2.4,4.8
01.05.2009 00:02:00.332,1.3246,1.3245,4.8,6.4
01.05.2009 00:02:00.442,1.3246,1.3245,4.8,6.4
01.05.2009 00:02:00.492,1.3246,1.3245,4.8,4.8
01.05.2009 00:02:00.612,1.32465,1.3245,15.2,4.8
01.05.2009 00:02:00.662,1.32465,1.3245,12,4.8
01.05.2009 00:02:00.832,1.32465,1.3245,2.4,4.8
01.05.2009 00:02:00.942,1.3246,1.3245,4.8,4.8
01.05.2009 00:02:01.872,1.3247,1.3245,24.6,6.4
01.05.2009 00:02:02.152,1.3246,1.3245,4.8,4.8
01.05.2009 00:02:02.372,1.32465,1.3245,12.6,6.4
01.05.2009 00:02:02.672,1.32465,1.3245,4.8,6.4
01.05.2009 00:02:02.901,1.3246,1.3245,4.8,4.8
01.05.2009 00:02:03.171,1.32465,1.3245,7.8,6.4
01.05.2009 00:02:03.461,1.3246,1.3245,4.8,6.4
01.05.2009 00:02:03.801,1.3246,1.3245,4.8,4.8
01.05.2009 00:02:04.091,1.3247,1.3245,21.4,6.4
01.05.2009 00:02:04.321,1.3246,1.3245,4.8,4.8
01.05.2009 00:02:04.671,1.32465,1.3245,9.6,4.8
01.05.2009 00:02:04.791,1.3247,1.3245,21.4,6.4
01.05.2009 00:02:05.071,1.32465,1.3245,1.6,4.8
01.05.2009 00:02:05.181,1.3246,1.3245,4.8,4.8
01.05.2009 00:02:05.521,1.32465,1.3245,14.2,4.8
01.05.2009 00:02:05.641,1.3246,1.3245,4.8,6.4
01.05.2009 00:02:06.031,1.3246,1.3245,4.8,4.8
01.05.2009 00:02:06.261,1.32465,1.3245,9.6,4.8
01.05.2009 00:02:06.500,1.3246,1.3245,4.8,6.4
01.05.2009 00:02:06.730,1.3246,1.3245,4.8,4.8
01.05.2009 00:02:07.020,1.32465,1.3245,6.2,4.8
01.05.2009 00:02:07.180,1.32465,1.3245,4.8,4.8
01.05.2009 00:02:07.351,1.3246,1.3245,4.8,6.4
01.05.2009 00:02:07.640,1.3246,1.3245,4.8,4.8
01.05.2009 00:02:07.800,1.3247,1.3245,22.2,6.4
01.05.2009 00:02:08.180,1.32465,1.3245,1.6,6.4
01.05.2009 00:02:08.640,1.32465,1.3245,4.8,1.6
01.05.2009 00:02:08.980,1.32465,1.3244500000000001,14.2,1.6
01.05.2009 00:02:09.490,1.32465,1.3244500000000001,14.2,6.6
01.05.2009 00:02:11.939,1.32465,1.3245,4.8,6.4
01.05.2009 00:02:12.329,1.3246,1.3245,4.8,4.8
01.05.2009 00:02:12.729,1.32465,1.3245,14.2,4.8
01.05.2009 00:02:12.839,1.32465,1.3245,7.8,6.4
01.05.2009 00:02:12.949,1.32465,1.3245,12.6,6.4
01.05.2009 00:02:13.249,1.3246,1.3245,4.8,6.4
01.05.2009 00:02:13.609,1.3246,1.3245,4.8,4.8
01.05.2009 00:02:13.959,1.3246,1.3245,4.8,4.8
01.05.2009 00:02:14.429,1.32465,1.3245,3.2,6.4
01.05.2009 00:02:14.599,1.3246,1.3245,4.8,4.8
01.05.2009 00:02:14.998,1.32465,1.3245,7.8,6.4
01.05.2009 00:02:15.458,1.3246,1.3245,4.8,4.8
01.05.2009 00:02:15.748,1.3246,1.3245,4.8,6.4
01.05.2009 00:02:16.028,1.3247,1.3245,19,6.4
01.05.2009 00:02:16.208,1.3246,1.3245,4.8,4.8
01.05.2009 00:02:16.369,1.32465,1.3245,14.2,4.8
01.05.2009 00:02:16.598,1.32465,1.3245,7.8,6.4
01.05.2009 00:02:16.768,1.3246,1.3245,4.8,6.4
01.05.2009 00:02:16.988,1.3246,1.3245,4.8,4.8
01.05.2009 00:02:17.338,1.32465,1.3245,9.4,4.8
01.05.2009 00:02:17.568,1.3246,1.3245,4.8,4.8
01.05.2009 00:02:18.098,1.3247,1.3245,21.4,6.4
01.05.2009 00:02:18.388,1.3246,1.3245,4.8,6.4
01.05.2009 00:02:18.618,1.3246,1.3245,4.8,4.8
01.05.2009 00:02:19.018,1.32465,1.3245,6.2,4.8
01.05.2009 00:02:19.427,1.3246,1.3245,4.8,4.8
01.05.2009 00:02:19.547,1.3247,1.3245,22.2,6.4
01.05.2009 00:02:19.887,1.32465,1.3245,9.4,6.4
01.05.2009 00:02:20.117,1.3246,1.3245,4.8,4.8
01.05.2009 00:02:20.457,1.32465,1.3245,1.6,4.8
01.05.2009 00:02:20.637,1.3246,1.3245,4.8,4.8
01.05.2009 00:02:20.997,1.32465,1.3245,14.2,4.8
01.05.2009 00:02:21.227,1.3246,1.3245,4.8,4.8
01.05.2009 00:02:22.537,1.3246,1.3244500000000001,4.8,1.6
01.05.2009 00:02:22.756,1.3246,1.3244500000000001,12.8,1.6
01.05.2009 00:02:23.047,1.3246,1.3244500000000001,9.4,3.2
01.05.2009 00:02:23.397,1.3246,1.3244,19,6.4
01.05.2009 00:02:31.344,1.3246,1.3245,19,4.8
01.05.2009 00:02:31.505,1.3246,1.3245,6.4,4.8
01.05.2009 00:02:31.805,1.3247,1.3245,21.4,6.4
01.05.2009 00:02:32.095,1.3246,1.3245,4.8,4.8
01.05.2009 00:02:32.314,1.3246,1.3245,4.8,4.8
01.05.2009 00:02:32.484,1.3247,1.3245,22.2,6.4
01.05.2009 00:02:32.834,1.3246,1.3245,4.8,4.8
01.05.2009 00:02:33.064,1.3246,1.3245,4.8,4.8
01.05.2009 00:02:33.404,1.32465,1.3245,7.8,6.4
01.05.2009 00:02:33.744,1.3246,1.3245,4.8,4.8
01.05.2009 00:02:34.204,1.32465,1.3245,4.8,6.4
01.05.2009 00:02:34.564,1.3246,1.3245,4.8,4.8
01.05.2009 00:02:34.804,1.3247,1.3245,23,6.4
01.05.2009 00:02:34.924,1.3246,1.3245,4.8,6.4
01.05.2009 00:02:35.224,1.3246,1.3245,4.8,4.8
01.05.2009 00:02:35.634,1.32465,1.3245,9.4,4.8
01.05.2009 00:02:35.813,1.32465,1.3245,1.6,4.8
01.05.2009 00:02:45.831,1.3247,1.3246,9.4,4.8
01.05.2009 00:02:45.941,1.3247,1.3246,14.2,4.8
01.05.2009 00:02:46.181,1.3247,1.3245500000000001,14.2,1
01.05.2009 00:02:46.301,1.3247,1.3245,19,11.4
01.05.2009 00:02:52.010,1.3247,1.3245,19,9.6
01.05.2009 00:02:52.309,1.3247,1.3245,19,6.4
01.05.2009 00:02:58.278,1.3247,1.3246,4.8,4.8
01.05.2009 00:02:58.968,1.3247,1.3246,4.8,6.4
01.05.2009 00:02:59.148,1.3248,1.3246,19,6.4
01.05.2009 00:03:18.083,1.3248,1.3246,19,9.6
01.05.2009 00:03:18.363,1.3248,1.3246,19,11.4
01.05.2009 00:03:18.573,1.3248,1.3247,12.6,4.8
01.05.2009 00:03:18.803,1.3248,1.3247,4.8,4.8
01.05.2009 00:03:23.302,1.32485,1.3247,4.8,6.4
01.05.2009 00:03:23.422,1.3249,1.3247,19,9.6
01.05.2009 00:03:23.592,1.3249,1.3247,19,11.4
01.05.2009 00:03:33.210,1.3249,1.3247,11.2,11.4
01.05.2009 00:03:35.629,1.3249,1.32475,11.2,9.6
01.05.2009 00:03:35.859,1.3249,1.32475,11.2,6.2
01.05.2009 00:03:38.858,1.325,1.3248,6.4,19.9
01.05.2009 00:03:39.038,1.325,1.3248,4.8,24.2
01.05.2009 00:03:39.268,1.32505,1.32485,7.6,11.2
01.05.2009 00:03:39.438,1.32505,1.32485,6,20.8
01.05.2009 00:03:39.718,1.325,1.3249,3,11.4
01.05.2009 00:03:39.998,1.325,1.3249,3,12.2
01.05.2009 00:03:40.168,1.32505,1.325,3.7,4.8
01.05.2009 00:03:40.278,1.3251000000000002,1.325,10.2,4.8
01.05.2009 00:03:40.588,1.3251000000000002,1.325,9.4,4.8
01.05.2009 00:03:42.627,1.3251000000000002,1.325,4.8,4.8
01.05.2009 00:03:43.977,1.3251000000000002,1.325,1,6.4
01.05.2009 00:03:44.387,1.32515,1.325,1.6,6.4
01.05.2009 00:03:44.507,1.3252000000000002,1.325,19,7.2
01.05.2009 00:03:44.677,1.3252000000000002,1.325,19,6.4
01.05.2009 00:03:45.417,1.3251000000000002,1.325,4.8,4.8
01.05.2009 00:03:45.527,1.3251000000000002,1.325,4.8,4.8
01.05.2009 00:03:45.927,1.3251000000000002,1.325,4.8,6.4
01.05.2009 00:03:46.037,1.3251000000000002,1.325,4.8,6.4
01.05.2009 00:03:46.376,1.3252000000000002,1.325,22.2,6.4
01.05.2009 00:03:46.496,1.3252000000000002,1.325,19,6.4
01.05.2009 00:03:47.306,1.32515,1.325,6.4,4.8
01.05.2009 00:03:47.696,1.3252000000000002,1.3251000000000002,12.6,4.8
01.05.2009 00:03:47.927,1.3252000000000002,1.3251000000000002,4.8,4.8
01.05.2009 00:03:48.156,1.3253000000000001,1.3251000000000002,19,6.4
01.05.2009 00:03:49.766,1.3252000000000002,1.3251000000000002,4.8,4.8
01.05.2009 00:03:51.365,1.32525,1.3251000000000002,14.2,4.8
01.05.2009 00:03:51.595,1.32525,1.3251000000000002,1.6,4.8
01.05.2009 00:03:51.765,1.3253000000000001,1.3252000000000002,4.8,4.8
01.05.2009 00:03:54.644,1.3253000000000001,1.3252000000000002,4.8,4.8
01.05.2009 00:03:54.884,1.32535,1.3252000000000002,4.8,4.8
01.05.2009 00:03:54.994,1.32535,1.3252000000000002,4.8,1.6
01.05.2009 00:03:55.224,1.3254000000000001,1.3252000000000002,22.2,1.6
01.05.2009 00:03:55.334,1.3254000000000001,1.3252000000000002,14.4,11.4
01.05.2009 00:03:55.794,1.3254000000000001,1.32525,12.8,1.6
01.05.2009 00:03:56.084,1.3254000000000001,1.32525,8,1.6
01.05.2009 00:03:56.264,1.3254000000000001,1.3253000000000001,4.8,4.8
01.05.2009 00:03:58.004,1.3254000000000001,1.3253000000000001,6.4,4.8
01.05.2009 00:03:58.444,1.3254000000000001,1.32525,11.2,3.2
01.05.2009 00:03:59.843,1.3254000000000001,1.32525,15.8,3.2
01.05.2009 00:04:00.073,1.3254000000000001,1.3252000000000002,19,6.4
01.05.2009 00:04:00.133,1.3253000000000001,1.3252000000000002,4.8,6.4
01.05.2009 00:04:00.193,1.32535,1.3252000000000002,1.6,4.8
01.05.2009 00:04:00.583,1.3254000000000001,1.3252000000000002,19,9.6
01.05.2009 00:04:00.643,1.3254000000000001,1.3252000000000002,14.2,9.6
01.05.2009 00:04:00.933,1.3254000000000001,1.32525,8,1.6
01.05.2009 00:04:01.323,1.32545,1.32525,15.6,4.8
01.05.2009 00:04:01.563,1.32545,1.32525,15.8,6.6
01.05.2009 00:04:02.752,1.32545,1.32525,16.4,1.6
01.05.2009 00:04:03.232,1.3253000000000001,1.3252000000000002,4.8,8
01.05.2009 00:04:04.692,1.3253000000000001,1.3252000000000002,4.8,4.8
01.05.2009 00:04:06.072,1.3253000000000001,1.3252000000000002,6.4,4.8
01.05.2009 00:04:06.192,1.3253000000000001,1.32515,6.4,3.2
01.05.2009 00:04:06.491,1.3253000000000001,1.32515,6.4,1
01.05.2009 00:04:06.612,1.32525,1.3251000000000002,4.8,1.6
01.05.2009 00:04:07.072,1.3252000000000002,1.32505,11.2,3.2
01.05.2009 00:04:07.491,1.3252000000000002,1.3251000000000002,4.8,4.8
01.05.2009 00:04:07.661,1.3252000000000002,1.325,11.2,14.6
01.05.2009 00:04:08.002,1.3252000000000002,1.3251000000000002,4.8,4.8
01.05.2009 00:04:08.291,1.3252000000000002,1.32505,6.4,5
01.05.2009 00:04:08.691,1.3252000000000002,1.3251000000000002,6.4,4.8
01.05.2009 00:04:08.971,1.3252000000000002,1.3251000000000002,4.8,4.8
01.05.2009 00:04:09.491,1.3252000000000002,1.3251000000000002,6.4,4.8
01.05.2009 00:04:09.651,1.3252000000000002,1.3251000000000002,11.2,4.8
01.05.2009 00:04:09.991,1.3252000000000002,1.325,11.2,11.4
01.05.2009 00:04:11.120,1.3252000000000002,1.325,14.4,11.4
01.05.2009 00:04:11.230,1.3251000000000002,1.325,4.8,6.6
01.05.2009 00:04:11.350,1.3251000000000002,1.325,4.8,4.8
01.05.2009 00:04:13.290,1.3251000000000002,1.32495,4.8,1.6
01.05.2009 00:04:13.630,1.3251000000000002,1.32495,6.4,2.4
01.05.2009 00:04:13.910,1.3251000000000002,1.32505,12.3,4.8
01.05.2009 00:04:14.190,1.32515,1.32505,4.8,4.8
01.05.2009 00:04:14.530,1.32515,1.3249,12.6,4.8
01.05.2009 00:04:15.149,1.325,1.3249,4.8,4.8
01.05.2009 00:04:15.939,1.325,1.3249,11.2,4.8
01.05.2009 00:04:16.169,1.325,1.3248,19,13
01.05.2009 00:04:16.449,1.325,1.3248,19,11.4
01.05.2009 00:04:19.438,1.325,1.3248,11.2,9.6
01.05.2009 00:04:19.878,1.325,1.3248,11.2,12.8
01.05.2009 00:04:20.048,1.32505,1.32485,9.6,1.6
01.05.2009 00:04:20.368,1.32505,1.32485,9.6,4.8
01.05.2009 00:04:21.378,1.32505,1.3249,3.2,1.6
01.05.2009 00:04:21.738,1.3251000000000002,1.3249,14.4,6.4
01.05.2009 00:04:24.867,1.32505,1.3249,1.6,4.8
01.05.2009 00:04:25.207,1.32505,1.32485,6.4,8
01.05.2009 00:04:25.267,1.32505,1.32485,6.4,4.8
01.05.2009 00:04:30.466,1.3251000000000002,1.3249,14.4,1.6
01.05.2009 00:04:30.646,1.3251000000000002,1.3249,14.4,4.8
01.05.2009 00:04:30.696,1.3251000000000002,1.3249,14.4,9.6
01.05.2009 00:04:31.026,1.3251000000000002,1.3249,11.2,9.6
01.05.2009 00:04:32.126,1.3251000000000002,1.32495,9.6,1.6
01.05.2009 00:04:32.345,1.3251000000000002,1.325,4.8,4.8
01.05.2009 00:04:32.585,1.32515,1.325,3.2,6.4
01.05.2009 00:04:32.815,1.3251000000000002,1.325,1.6,4.8
01.05.2009 00:04:32.925,1.3251000000000002,1.32495,9.6,4.8
01.05.2009 00:04:33.105,1.3251000000000002,1.325,9.6,4.8
01.05.2009 00:04:33.215,1.3251000000000002,1.325,4.8,4.8
01.05.2009 00:04:33.515,1.32515,1.325,4.8,1.6
01.05.2009 00:04:33.855,1.32515,1.32495,6.4,4.8
01.05.2009 00:04:40.423,1.32515,1.32495,6.6,4.8
01.05.2009 00:04:40.543,1.32515,1.32495,7,4.8
01.05.2009 00:04:44.682,1.3251000000000002,1.32495,1.6,3.2
01.05.2009 00:04:44.902,1.3251000000000002,1.3249,6.4,12
01.05.2009 00:04:45.003,1.3251000000000002,1.3249,11.2,9.6
01.05.2009 00:04:45.273,1.3251000000000002,1.32495,4.8,1.6
01.05.2009 00:04:45.452,1.3251000000000002,1.325,4.8,4.8
01.05.2009 00:04:46.332,1.3252000000000002,1.325,19.8,9.6
01.05.2009 00:04:46.572,1.3252000000000002,1.325,11.2,9.6
01.05.2009 00:04:53.080,1.3252000000000002,1.325,11.2,14.6
01.05.2009 00:04:53.240,1.3252000000000002,1.3251000000000002,9.6,4.8
01.05.2009 00:04:53.540,1.3253000000000001,1.3251000000000002,18.4,9.6
01.05.2009 00:04:53.880,1.32525,1.3251000000000002,1.6,8
01.05.2009 00:04:54.150,1.32525,1.32505,6.4,8.6
01.05.2009 00:04:54.390,1.32525,1.32505,6.4,6.2
01.05.2009 00:04:54.690,1.32525,1.32505,6.4,5.2
01.05.2009 00:04:55.100,1.32525,1.3251000000000002,4.8,1.6
01.05.2009 00:04:55.390,1.3253000000000001,1.3251000000000002,11.2,9.6
01.05.2009 00:04:55.620,1.3252000000000002,1.3251000000000002,4.8,6.4
01.05.2009 00:04:55.740,1.3252000000000002,1.3251000000000002,4.8,4.8
01.05.2009 00:05:01.428,1.3252000000000002,1.3251000000000002,6.4,4.8
01.05.2009 00:05:01.658,1.3252000000000002,1.32505,6.4,2.4
01.05.2009 00:05:01.768,1.3251000000000002,1.325,4.8,8
01.05.2009 00:05:01.998,1.3251000000000002,1.325,4.8,4.8
01.05.2009 00:05:02.508,1.32515,1.325,6.4,8
01.05.2009 00:05:02.758,1.32515,1.325,4.8,9.6
01.05.2009 00:05:03.028,1.3252000000000002,1.325,11.2,9.6
01.05.2009 00:05:03.438,1.3251000000000002,1.325,4.8,6.4
01.05.2009 00:05:03.708,1.3251000000000002,1.325,4.8,4.8
01.05.2009 00:05:12.156,1.325,1.3249,4.8,9.6
01.05.2009 00:05:12.386,1.325,1.3249,4.8,4.8
01.05.2009 00:05:15.405,1.32505,1.3249,10.4,4.8
01.05.2009 00:05:15.515,1.325,1.3249,1,9.6
01.05.2009 00:05:19.764,1.325,1.3249,4.8,9.6
01.05.2009 00:05:19.934,1.325,1.3249,4.8,4.8
01.05.2009 00:05:46.327,1.325,1.3248,11.2,8.2
01.05.2009 00:05:46.387,1.325,1.32485,11.2,1
01.05.2009 00:05:46.617,1.325,1.3249,11.2,1
01.05.2009 00:06:23.698,1.325,1.3248,9.6,8.2
01.05.2009 00:06:43.154,1.325,1.3248,14.2,8.2
01.05.2009 00:06:46.413,1.325,1.3248,17.4,11.4
01.05.2009 00:07:50.627,1.32495,1.3248,1,11.4
01.05.2009 00:07:50.687,1.3249,1.3248,1,11.4
01.05.2009 00:07:50.977,1.325,1.3248,17.4,11.4
01.05.2009 00:07:51.257,1.325,1.3248,17.4,14.6
01.05.2009 00:07:51.537,1.32505,1.32495,7.8,1.6
01.05.2009 00:07:51.947,1.3251000000000002,1.3249,7.8,4.8
01.05.2009 00:07:52.567,1.32515,1.3249,7.8,4.8
01.05.2009 00:07:53.527,1.32515,1.32495,3.2,4.8
01.05.2009 00:07:55.296,1.32525,1.32505,15,1.6
01.05.2009 00:07:55.416,1.32525,1.32505,12.6,1.6
01.05.2009 00:07:55.856,1.32525,1.32505,12.6,4.8
01.05.2009 00:07:55.966,1.32525,1.32505,12.6,6.6
01.05.2009 00:07:56.656,1.32525,1.32505,8,6.6
01.05.2009 00:07:56.776,1.32525,1.32505,4.8,6.6
01.05.2009 00:07:59.765,1.32525,1.3251000000000002,4.8,4.8
01.05.2009 00:08:02.625,1.3254000000000001,1.32515,7.8,4.8
01.05.2009 00:08:03.484,1.3254000000000001,1.3253000000000001,7.8,4.8
01.05.2009 00:08:04.514,1.3254000000000001,1.32525,2.2,9.8
01.05.2009 00:08:04.634,1.32545,1.32525,14.2,1.6
01.05.2009 00:08:05.504,1.32545,1.32525,4.6,3.2
01.05.2009 00:08:05.664,1.32545,1.32525,4.8,5
01.05.2009 00:08:05.834,1.32545,1.32525,6.4,6.6
01.05.2009 00:08:06.073,1.32545,1.32525,11,4.8
01.05.2009 00:08:06.244,1.32545,1.32525,14.2,6.4
01.05.2009 00:08:06.413,1.32545,1.32525,12.6,4.8
01.05.2009 00:08:06.534,1.32545,1.32525,7.8,4.8
01.05.2009 00:08:06.834,1.32545,1.32525,7.8,1
01.05.2009 00:08:07.064,1.3254000000000001,1.32515,11,7.4
01.05.2009 00:08:07.283,1.32535,1.32515,7.8,2.4
01.05.2009 00:08:07.623,1.3252000000000002,1.3251000000000002,6.4,4.8
01.05.2009 00:08:07.853,1.3252000000000002,1.325,11.2,11.4
01.05.2009 00:08:08.133,1.3252000000000002,1.32505,4.8,4.8
01.05.2009 00:08:08.553,1.3252000000000002,1.325,11.2,11.4
01.05.2009 00:08:09.183,1.32515,1.32505,1,4.8
01.05.2009 00:08:09.653,1.3253000000000001,1.3252000000000002,7.8,1
01.05.2009 00:08:10.003,1.32535,1.32515,14.2,8.8
01.05.2009 00:08:10.163,1.32535,1.32515,14.2,8.6
01.05.2009 00:08:10.323,1.32535,1.32515,14.2,7.4
01.05.2009 00:08:10.442,1.32535,1.32515,14.2,6.4
01.05.2009 00:08:10.603,1.3253000000000001,1.32515,7.8,1.6
01.05.2009 00:08:10.942,1.3253000000000001,1.3251000000000002,7.8,4.8
01.05.2009 00:08:14.002,1.3253000000000001,1.3251000000000002,12.6,6.6
01.05.2009 00:08:14.342,1.3253000000000001,1.3251000000000002,17.4,11.4
01.05.2009 00:08:15.321,1.3253000000000001,1.3251000000000002,17.4,9.8
01.05.2009 00:08:15.431,1.3253000000000001,1.3251000000000002,7.8,4.8
01.05.2009 00:08:16.931,1.32515,1.3251000000000002,1,3.2
01.05.2009 00:08:16.991,1.3252000000000002,1.3251000000000002,5.4,3.2
01.05.2009 00:08:17.101,1.32515,1.325,4.8,6.4
01.05.2009 00:08:17.281,1.32515,1.325,4.8,4.8
01.05.2009 00:08:17.721,1.32515,1.3251000000000002,4.8,1
01.05.2009 00:08:18.120,1.32515,1.32505,4.8,4
01.05.2009 00:08:18.361,1.32515,1.32505,6.4,5
01.05.2009 00:08:18.601,1.3252000000000002,1.32505,3.2,6.8
01.05.2009 00:08:18.840,1.32525,1.32505,6.4,6.8
01.05.2009 00:08:19.081,1.32525,1.3251000000000002,1,6.4
01.05.2009 00:08:19.700,1.32525,1.3251000000000002,6.4,4.8
01.05.2009 00:08:20.331,1.32525,1.3251000000000002,6.4,9.6
01.05.2009 00:08:20.570,1.3253000000000001,1.3251000000000002,9.6,11.4
01.05.2009 00:08:22.020,1.3252000000000002,1.3251000000000002,1,11.4
01.05.2009 00:08:22.190,1.3252000000000002,1.3251000000000002,1,6.4
01.05.2009 00:08:22.300,1.3253000000000001,1.3251000000000002,19.8,6.4
01.05.2009 00:08:22.480,1.3253000000000001,1.3251000000000002,15.8,6.4
01.05.2009 00:08:22.599,1.32525,1.3251000000000002,1,6.4
01.05.2009 00:08:22.719,1.3252000000000002,1.3251000000000002,1,11.4
01.05.2009 00:08:22.779,1.32525,1.3251000000000002,1.4,11.4
01.05.2009 00:08:23.080,1.32525,1.3251000000000002,6.4,9.6
01.05.2009 00:08:23.439,1.32525,1.3251000000000002,4.8,11.2
01.05.2009 00:08:23.779,1.3253000000000001,1.3251000000000002,6.4,11.4
01.05.2009 00:08:24.179,1.3253000000000001,1.3251000000000002,14.2,11.4
01.05.2009 00:08:24.819,1.3253000000000001,1.3251000000000002,12.6,11.4
01.05.2009 00:08:26.278,1.3253000000000001,1.3251000000000002,14.2,11.4
01.05.2009 00:08:26.959,1.3253000000000001,1.3251000000000002,19,11.4
01.05.2009 00:08:27.708,1.3252000000000002,1.3251000000000002,1,11.4
01.05.2009 00:08:27.878,1.3252000000000002,1.3251000000000002,1,11.4
01.05.2009 00:08:28.228,1.32525,1.3252000000000002,1.8,1
01.05.2009 00:08:28.348,1.3253000000000001,1.3252000000000002,10.4,1
01.05.2009 00:08:28.458,1.32535,1.32525,8,1
01.05.2009 00:08:28.748,1.3254000000000001,1.32525,10.2,1.6
01.05.2009 00:08:29.028,1.32535,1.32525,7.8,1.6
01.05.2009 00:08:29.188,1.32535,1.32515,7.8,7.6
01.05.2009 00:08:29.528,1.32535,1.32515,7.8,10.8
01.05.2009 00:08:29.888,1.32545,1.3252000000000002,12.6,4.8
01.05.2009 00:08:30.188,1.32545,1.3252000000000002,7.8,4.8
01.05.2009 00:08:30.828,1.32545,1.32525,7.8,3.2
01.05.2009 00:08:31.967,1.32545,1.32525,12.6,3.2
01.05.2009 00:08:32.617,1.3254000000000001,1.3252000000000002,7.8,4.8
01.05.2009 00:08:33.887,1.3254000000000001,1.3252000000000002,12.6,9.6
01.05.2009 00:08:34.167,1.3254000000000001,1.3252000000000002,12.6,11.2
01.05.2009 00:08:34.507,1.3254000000000001,1.32525,7.8,1.6
01.05.2009 00:08:34.746,1.32535,1.32515,6.4,9.4
01.05.2009 00:08:35.106,1.3254000000000001,1.3252000000000002,3.2,1.6
01.05.2009 00:08:35.446,1.32545,1.3252000000000002,12.6,4.8
01.05.2009 00:08:37.166,1.32545,1.3252000000000002,9.4,1.6
01.05.2009 00:08:59.721,1.32545,1.32525,11,1.6
01.05.2009 00:09:14.697,1.32545,1.32525,9.4,1
01.05.2009 00:09:14.867,1.32545,1.3252000000000002,9.4,1.6
01.05.2009 00:09:17.557,1.32545,1.32525,11,1.6
01.05.2009 00:09:17.667,1.32545,1.32525,11,1.6
01.05.2009 00:09:20.666,1.32545,1.32525,9.4,1.6
01.05.2009 00:09:26.124,1.32545,1.32525,9.4,3.4
01.05.2009 00:09:28.664,1.32545,1.32525,11,3.4
01.05.2009 00:09:29.874,1.3254000000000001,1.32525,1.6,1.8
01.05.2009 00:09:32.273,1.3254000000000001,1.3252000000000002,14.2,8.2
01.05.2009 00:09:33.382,1.3254000000000001,1.3252000000000002,26.2,6.6
01.05.2009 00:09:33.783,1.3254000000000001,1.32525,9.4,3.2
01.05.2009 00:09:34.142,1.3254000000000001,1.32525,4.8,1
01.05.2009 00:09:34.652,1.3254000000000001,1.3252000000000002,9.6,8.2
01.05.2009 00:09:35.512,1.3254000000000001,1.3253000000000001,4.8,4.8
01.05.2009 00:09:35.852,1.3254000000000001,1.32525,4.8,1.6
01.05.2009 00:09:36.192,1.32545,1.32525,9.4,3.4
01.05.2009 00:09:36.372,1.32545,1.32525,9.4,4.2
01.05.2009 00:09:36.592,1.32545,1.32525,4.8,4.2
01.05.2009 00:09:37.271,1.32545,1.32525,4.8,7.4
01.05.2009 00:09:37.721,1.32545,1.32525,4.8,7.6
01.05.2009 00:09:38.001,1.32545,1.32525,4.8,8
01.05.2009 00:09:38.581,1.32545,1.32525,4.8,11.2
01.05.2009 00:09:38.882,1.3255000000000001,1.32525,7.8,11.2
01.05.2009 00:09:40.141,1.3255000000000001,1.3253000000000001,7.8,3.2
01.05.2009 00:09:40.451,1.3255000000000001,1.3253000000000001,7.8,4.8
01.05.2009 00:09:41.641,1.3255000000000001,1.32535,7.8,1.6
01.05.2009 00:09:42.201,1.3255000000000001,1.3254000000000001,11.2,1
01.05.2009 00:09:42.490,1.3255000000000001,1.32535,9.6,2.6
01.05.2009 00:09:42.900,1.3255000000000001,1.32545,1,1
01.05.2009 00:09:43.290,1.32575,1.3255000000000001,17.4,8
01.05.2009 00:09:43.700,1.3258,1.32555,12.6,1.6
01.05.2009 00:09:43.940,1.3258,1.32555,7.8,7
01.05.2009 00:09:44.300,1.32585,1.32565,15,1.6
01.05.2009 00:09:44.660,1.32575,1.32565,4.8,1.6
01.05.2009 00:09:45.060,1.32585,1.32565,4.8,11.4
01.05.2009 00:09:45.540,1.3259,1.3257,3.2,4.8
01.05.2009 00:09:46.729,1.3259,1.3257,7.8,3.2
01.05.2009 00:09:47.079,1.32595,1.32575,10.2,9.6
01.05.2009 00:09:47.309,1.32595,1.3258,2.2,4.8
01.05.2009 00:09:47.659,1.3260500000000002,1.3258,10.2,4.8
01.05.2009 00:09:48.039,1.3260500000000002,1.32595,10.2,1
01.05.2009 00:09:48.489,1.326,1.32595,1,5.6
01.05.2009 00:09:48.779,1.3260500000000002,1.326,1,1.6
01.05.2009 00:09:49.239,1.3260500000000002,1.3259,1,4.8
01.05.2009 00:09:49.569,1.3260500000000002,1.3259,1,1.6
01.05.2009 00:09:50.478,1.32595,1.3258,6.4,4.8
01.05.2009 00:09:50.828,1.3260500000000002,1.32585,11.8,3.2
01.05.2009 00:09:51.108,1.3260500000000002,1.3258,12.8,4.8
01.05.2009 00:09:51.558,1.3260500000000002,1.3258,8,4.8
01.05.2009 00:09:51.958,1.326,1.3258,7.8,3.2
01.05.2009 00:09:52.998,1.326,1.32575,7.8,9.8
01.05.2009 00:09:53.238,1.32595,1.32575,6.4,5
01.05.2009 00:09:53.598,1.32595,1.32575,4.8,5
01.05.2009 00:09:54.007,1.3259,1.32575,3.2,1.6
01.05.2009 00:09:54.507,1.3259,1.32575,4.8,3.2
01.05.2009 00:09:54.977,1.32595,1.32575,9.6,8
01.05.2009 00:09:55.307,1.32595,1.32575,6.4,3.2
01.05.2009 00:09:55.647,1.32595,1.32575,4.8,8
01.05.2009 00:09:56.007,1.326,1.32575,3.2,8
01.05.2009 00:09:56.357,1.3260500000000002,1.32585,9.6,1.6
01.05.2009 00:09:57.007,1.3260500000000002,1.3258,8,8
01.05.2009 00:09:57.227,1.326,1.32575,3.2,8
01.05.2009 00:09:57.986,1.326,1.3258,14.4,6.4
01.05.2009 00:09:58.726,1.326,1.3258,14.4,9.6
01.05.2009 00:09:59.426,1.326,1.3258,11.2,9.6
01.05.2009 00:09:59.846,1.326,1.3258,11.2,6.4
01.05.2009 00:10:00.396,1.326,1.3258,11.2,9.6
01.05.2009 00:10:00.626,1.326,1.32585,1.6,3.2
01.05.2009 00:10:00.856,1.3260500000000002,1.32585,6.4,1.6
01.05.2009 00:10:02.425,1.3260500000000002,1.32585,9.6,1.6
01.05.2009 00:10:02.596,1.326,1.32585,9.6,1.6
01.05.2009 00:10:02.815,1.326,1.3259,4.8,4.8
01.05.2009 00:10:03.175,1.326,1.3259,6.4,4.8
01.05.2009 00:10:03.355,1.326,1.3258,11.2,20.2
01.05.2009 00:10:03.705,1.326,1.3258,11.2,8.2
01.05.2009 00:10:03.875,1.326,1.3258,11.2,6.4
01.05.2009 00:10:04.335,1.326,1.32595,4.8,4.8
01.05.2009 00:10:04.775,1.326,1.3259,9.6,1.6
01.05.2009 00:10:05.175,1.3260500000000002,1.3258,7.4,1.6
01.05.2009 00:10:05.615,1.326,1.32585,1.6,1
01.05.2009 00:10:05.905,1.326,1.3258,11.2,6.4
01.05.2009 00:10:06.605,1.326,1.3258,11.2,4.8
01.05.2009 00:10:07.204,1.32585,1.3258,4.8,1
01.05.2009 00:10:07.614,1.3259,1.3257,1.6,4.8
01.05.2009 00:10:07.854,1.32595,1.3257,11.2,4.8
01.05.2009 00:10:08.954,1.32595,1.32575,8.6,1
01.05.2009 00:10:09.414,1.32595,1.32575,6.4,1
01.05.2009 00:10:09.653,1.3259,1.3258,11.2,4.8
01.05.2009 00:10:09.934,1.3259,1.3258,9.6,4.8
01.05.2009 00:10:10.224,1.3259,1.3258,4.8,4.8
01.05.2009 00:10:10.633,1.3259,1.32575,9.6,1.6
01.05.2009 00:10:10.803,1.3258,1.3257,4.8,6.4
01.05.2009 00:10:11.104,1.3258,1.3257,4.8,4.8
01.05.2009 00:10:11.723,1.32585,1.3257,6.4,4.8
01.05.2009 00:10:11.943,1.32585,1.3257,4.8,4.8
01.05.2009 00:10:12.743,1.3258,1.3257,4.8,4.8
01.05.2009 00:10:12.973,1.3258,1.3257,4.8,4.8
01.05.2009 00:10:13.283,1.32585,1.3257,4.8,4.8
01.05.2009 00:10:13.563,1.3259,1.3257,12.8,4.8
01.05.2009 00:10:14.073,1.3258,1.3257,4.8,4.8
01.05.2009 00:10:15.563,1.32585,1.3257,1.6,4.8
01.05.2009 00:10:15.852,1.3258,1.3257,4.8,4.8
01.05.2009 00:10:16.312,1.3259,1.3257,14.4,4.8
01.05.2009 00:10:16.532,1.3258,1.3257,4.8,4.8
01.05.2009 00:10:16.942,1.32585,1.3257,4.8,4.8
01.05.2009 00:10:17.242,1.32585,1.3257,1.6,4.8
01.05.2009 00:10:17.582,1.3258,1.3257,4.8,4.8
01.05.2009 00:10:17.992,1.32585,1.3257,1.6,4.8
01.05.2009 00:10:18.282,1.3259,1.3257,11.2,4.8
01.05.2009 00:10:18.841,1.3258,1.3257,4.8,4.8
01.05.2009 00:10:20.681,1.3257,1.3256000000000001,4.8,4.8
01.05.2009 00:10:20.971,1.3257,1.3256000000000001,6.4,4.8
01.05.2009 00:10:21.711,1.3257,1.3256000000000001,4.8,4.8
01.05.2009 00:10:22.461,1.32575,1.3256000000000001,1.6,4.8
01.05.2009 00:10:22.861,1.3257,1.3256000000000001,4.8,4.8
01.05.2009 00:10:23.381,1.3257,1.3256000000000001,6.4,4.8
01.05.2009 00:10:23.730,1.3257,1.3256000000000001,11.2,4.8
01.05.2009 00:10:24.130,1.3256000000000001,1.3255000000000001,4.8,4.8
01.05.2009 00:10:24.530,1.3257,1.3255000000000001,12,4.8
01.05.2009 00:10:25.040,1.3257,1.32555,1.6,1
01.05.2009 00:10:25.390,1.3256000000000001,1.3255000000000001,4.8,4.8
01.05.2009 00:10:27.120,1.3257,1.32555,6.4,1
01.05.2009 00:10:27.579,1.32575,1.32545,18.2,4.8
01.05.2009 00:10:27.749,1.32575,1.32545,15,4.8
01.05.2009 00:10:27.929,1.32575,1.32545,15,4.8
01.05.2009 00:10:28.290,1.32575,1.3254000000000001,15,3.2
01.05.2009 00:10:28.579,1.3256000000000001,1.3254000000000001,3.2,3.2
01.05.2009 00:10:28.969,1.3256000000000001,1.3254000000000001,4.8,4.8
01.05.2009 00:10:29.579,1.32565,1.3255000000000001,4.8,4.8
01.05.2009 00:10:30.029,1.32545,1.32535,4.8,6.4
01.05.2009 00:10:30.369,1.3255000000000001,1.3252000000000002,11.2,6.4
01.05.2009 00:10:35.037,1.32545,1.3253000000000001,1.6,1
01.05.2009 00:10:35.438,1.32545,1.32525,6.4,1.6
01.05.2009 00:10:36.067,1.32545,1.3252000000000002,4.8,3.2
01.05.2009 00:10:36.387,1.32545,1.32515,4.8,12.2
01.05.2009 00:10:36.607,1.32545,1.32515,9.4,3.2
01.05.2009 00:10:36.837,1.32545,1.3251000000000002,12.6,7.2
01.05.2009 00:10:41.626,1.32545,1.32515,8,1.6
01.05.2009 00:10:41.686,1.32545,1.32525,9.6,1.6
01.05.2009 00:10:41.916,1.3254000000000001,1.32525,1.6,1
01.05.2009 00:10:42.026,1.3254000000000001,1.3252000000000002,11.2,6.4
01.05.2009 00:10:43.805,1.3254000000000001,1.3252000000000002,6.4,6.4
01.05.2009 00:10:44.225,1.32545,1.32525,6.4,1.6
01.05.2009 00:10:54.063,1.32545,1.3253000000000001,4.8,1.6
01.05.2009 00:10:54.183,1.3255000000000001,1.3253000000000001,11.2,6.4
01.05.2009 00:10:54.643,1.3255000000000001,1.3254000000000001,9.6,1.6
01.05.2009 00:10:55.093,1.3255000000000001,1.3254000000000001,4.8,1.6
01.05.2009 00:10:55.543,1.3256000000000001,1.3254000000000001,11.2,6.4
01.05.2009 00:10:59.741,1.32555,1.3254000000000001,1.6,4.8
01.05.2009 00:11:00.081,1.3255000000000001,1.3254000000000001,4.8,4.8
01.05.2009 00:11:02.121,1.3256000000000001,1.3254000000000001,11.2,6.4
01.05.2009 00:11:05.180,1.3255000000000001,1.3254000000000001,4.8,4.8
01.05.2009 00:11:05.600,1.3255000000000001,1.3254000000000001,4.8,4.8
01.05.2009 00:11:06.760,1.3255000000000001,1.3254000000000001,11.2,1
01.05.2009 00:11:06.940,1.3255000000000001,1.3253000000000001,11.2,6.4
01.05.2009 00:11:10.769,1.3255000000000001,1.3254000000000001,9.6,4.8
01.05.2009 00:11:11.069,1.3255000000000001,1.3254000000000001,4.8,4.8
01.05.2009 00:11:11.189,1.32555,1.3254000000000001,4.8,6.4
01.05.2009 00:11:11.489,1.3256000000000001,1.3254000000000001,11.2,6.4
01.05.2009 00:11:12.238,1.3256000000000001,1.32545,6.4,3.2
01.05.2009 00:11:12.569,1.32565,1.32545,6.4,2
01.05.2009 00:11:12.859,1.32565,1.32555,1.6,3.2
01.05.2009 00:11:13.088,1.3257,1.3255000000000001,9.6,6.4
01.05.2009 00:11:13.308,1.3257,1.32555,8,1
01.05.2009 00:11:13.708,1.32565,1.32555,1.6,4.8
01.05.2009 00:11:14.098,1.3259,1.32555,7.8,1
01.05.2009 00:11:14.559,1.3258,1.32555,6.4,6.6
01.05.2009 00:11:14.848,1.3258,1.32555,6.4,1.6
01.05.2009 00:11:16.817,1.3257,1.32555,9.6,1.6
01.05.2009 00:11:17.107,1.3257,1.3255000000000001,11.2,6.4
01.05.2009 00:11:17.517,1.3257,1.32555,4.8,1.6
01.05.2009 00:11:17.637,1.3257,1.3255000000000001,11.2,6.4
01.05.2009 00:11:18.217,1.32565,1.3255000000000001,1.6,4.8
01.05.2009 00:11:18.457,1.32565,1.32545,6.4,1.6
01.05.2009 00:11:19.287,1.3256000000000001,1.3254000000000001,11.2,8.8
01.05.2009 00:11:19.627,1.3256000000000001,1.3254000000000001,11.2,6.4
01.05.2009 00:11:20.147,1.3256000000000001,1.32545,9.6,1.6
01.05.2009 00:11:20.487,1.32555,1.32545,4.8,1.6
01.05.2009 00:11:20.786,1.32555,1.3254000000000001,6.4,4.8
01.05.2009 00:11:21.117,1.3256000000000001,1.3254000000000001,11.2,6.4
01.05.2009 00:11:22.096,1.3256000000000001,1.3254000000000001,11.2,9.6
01.05.2009 00:11:22.376,1.3256000000000001,1.3254000000000001,11.2,10.4
01.05.2009 00:11:22.777,1.3256000000000001,1.3255000000000001,4.8,4.8
01.05.2009 00:11:23.006,1.32555,1.32545,4.8,1.6
01.05.2009 00:11:23.246,1.3256000000000001,1.32545,16,1.6
01.05.2009 00:11:23.416,1.3256000000000001,1.3254000000000001,11.2,10.4
01.05.2009 00:11:24.026,1.32555,1.3253000000000001,8,8
01.05.2009 00:11:24.476,1.32555,1.32535,14.2,1.6
01.05.2009 00:11:25.236,1.32545,1.3253000000000001,6.4,8
01.05.2009 00:11:25.525,1.3255000000000001,1.32525,12.6,5
01.05.2009 00:11:25.805,1.3255000000000001,1.3253000000000001,3.2,1.6
01.05.2009 00:11:26.205,1.32555,1.3253000000000001,12.6,4.8
01.05.2009 00:11:27.055,1.3255000000000001,1.32525,7.8,9.8
01.05.2009 00:11:27.235,1.3255000000000001,1.32525,7.8,5
01.05.2009 00:11:27.355,1.3255000000000001,1.32525,7.8,9.8
01.05.2009 00:11:27.995,1.3255000000000001,1.32525,7.8,5
01.05.2009 00:11:28.285,1.3255000000000001,1.32525,7.8,9.8
01.05.2009 00:11:28.985,1.3255000000000001,1.32525,7.8,9.6
01.05.2009 00:11:29.224,1.3255000000000001,1.32525,7.8,9.8
01.05.2009 00:11:29.445,1.3255000000000001,1.32525,7.8,4.8
01.05.2009 00:11:29.675,1.3255000000000001,1.32525,7.8,5
01.05.2009 00:11:29.914,1.3255000000000001,1.32525,7.8,9.6
01.05.2009 00:11:30.154,1.3255000000000001,1.32525,9.4,9.8
01.05.2009 00:11:30.484,1.3253000000000001,1.32525,7.8,1
01.05.2009 00:11:30.844,1.32525,1.325,6.4,1.2
01.05.2009 00:11:31.084,1.32535,1.3251000000000002,1.6,3.2
01.05.2009 00:11:31.434,1.3253000000000001,1.325,11,1.6
01.05.2009 00:11:31.714,1.32515,1.32505,4.8,4.8
01.05.2009 00:11:32.104,1.32515,1.32505,6.4,3.2
01.05.2009 00:11:32.564,1.32515,1.325,6.4,8
01.05.2009 00:11:32.954,1.32515,1.325,6.4,4.8
01.05.2009 00:11:33.374,1.32515,1.32495,14.2,2.2
01.05.2009 00:11:33.663,1.32515,1.325,4.8,4.8
01.05.2009 00:11:34.004,1.32505,1.325,7.8,4.8
01.05.2009 00:11:34.294,1.32505,1.32485,6.4,9.8
01.05.2009 00:11:34.743,1.3251000000000002,1.3249,9.4,8
01.05.2009 00:11:35.133,1.3251000000000002,1.32485,10.2,9.8
01.05.2009 00:11:35.473,1.325,1.3248,6.4,11.4
01.05.2009 00:11:35.903,1.325,1.3248,14.2,11.4
01.05.2009 00:11:36.193,1.32495,1.3248,6.4,9.6
01.05.2009 00:11:36.603,1.32495,1.3248,11,4.8
01.05.2009 00:11:36.903,1.32495,1.32475,14.2,3.4
01.05.2009 00:11:37.732,1.32495,1.32475,14.2,1.6
01.05.2009 00:11:38.442,1.32495,1.32475,9.6,4.8
01.05.2009 00:11:42.581,1.32495,1.32475,6.4,4.8
01.05.2009 00:11:42.751,1.325,1.3248,14.4,6.4
01.05.2009 00:11:44.381,1.325,1.3248,14.4,9.6
01.05.2009 00:11:46.171,1.32515,1.32495,13.4,3.2
01.05.2009 00:11:46.520,1.3252000000000002,1.3251000000000002,5.4,1
01.05.2009 00:11:46.810,1.32525,1.32505,7.8,3.8
01.05.2009 00:11:47.160,1.32525,1.32505,3.2,3.8
01.05.2009 00:11:47.570,1.3253000000000001,1.3252000000000002,3.2,4.8
01.05.2009 00:11:48.320,1.32535,1.3253000000000001,4.3,4.8
01.05.2009 00:11:48.700,1.32535,1.3252000000000002,3.2,4.8
01.05.2009 00:11:49.339,1.3254000000000001,1.32515,5.4,3.2
01.05.2009 00:11:49.720,1.3254000000000001,1.32515,3.2,3.2
01.05.2009 00:11:49.900,1.32535,1.3252000000000002,3.2,4.8
01.05.2009 00:11:53.379,1.32535,1.3253000000000001,3.2,4.8
01.05.2009 00:11:58.128,1.3254000000000001,1.3253000000000001,3.2,4.8
01.05.2009 00:12:00.147,1.3255000000000001,1.3254000000000001,6.7,4.8
01.05.2009 00:12:00.367,1.3255000000000001,1.3254000000000001,3.2,4.8
01.05.2009 00:12:01.867,1.3255000000000001,1.3254000000000001,4.8,4.8
01.05.2009 00:12:02.047,1.32545,1.32515,8,3.2
01.05.2009 00:12:04.356,1.32545,1.3252000000000002,8,4.8
01.05.2009 00:12:04.526,1.3255000000000001,1.32535,3.2,4.8
01.05.2009 00:12:06.356,1.32555,1.3255000000000001,3.2,4.8
01.05.2009 00:12:07.555,1.3256000000000001,1.3255000000000001,3.2,4.8
01.05.2009 00:12:07.785,1.32565,1.3255000000000001,10.2,4.8
01.05.2009 00:12:08.405,1.32565,1.3255000000000001,7,4.8
01.05.2009 00:12:08.625,1.3257,1.3255000000000001,10.2,4.8
01.05.2009 00:12:09.025,1.3257,1.32535,10.2,7.8
01.05.2009 00:12:09.425,1.3257,1.32535,10.2,7.6
01.05.2009 00:12:09.825,1.3257,1.3255000000000001,7.8,4.8
01.05.2009 00:12:10.165,1.32575,1.3255000000000001,10.2,4.8
01.05.2009 00:12:10.625,1.3258,1.3256000000000001,10.2,4.8
01.05.2009 00:12:10.984,1.3258,1.3256000000000001,10.2,4.8
01.05.2009 00:12:13.384,1.3257,1.3256000000000001,4.6,4.8
01.05.2009 00:12:13.614,1.3257,1.3256000000000001,9.4,4.8
01.05.2009 00:12:13.844,1.32583,1.3254299999999999,4.8,12.2
01.05.2009 00:12:14.493,1.32583,1.32538,12.6,7.2
01.05.2009 00:12:15.183,1.3257,1.32545,1,7.2
01.05.2009 00:12:15.403,1.32545,1.32535,6.4,2.4
01.05.2009 00:12:15.573,1.32545,1.32525,6.4,2.2
01.05.2009 00:12:18.463,1.32545,1.3253000000000001,4.8,1
01.05.2009 00:12:23.891,1.32545,1.32515,4.8,12.2
01.05.2009 00:12:30.600,1.32545,1.3253000000000001,4.8,1
01.05.2009 00:12:40.627,1.32545,1.32515,4.8,12.2
01.05.2009 00:12:50.575,1.32545,1.32515,4.8,7.2
01.05.2009 00:12:50.815,1.32545,1.32515,4.8,4.8
01.05.2009 00:12:51.595,1.32535,1.32515,1.6,6.4
01.05.2009 00:12:51.775,1.32535,1.3253000000000001,1.6,1
01.05.2009 00:12:51.945,1.32535,1.32515,6.4,1.6
01.05.2009 00:12:54.024,1.3253000000000001,1.3251000000000002,11.2,6.4
01.05.2009 00:13:04.831,1.3253000000000001,1.3251000000000002,11.2,4.8
01.05.2009 00:13:05.361,1.3253000000000001,1.3251000000000002,11.2,6.4
01.05.2009 00:13:06.911,1.3253000000000001,1.3251000000000002,11.2,4.8
01.05.2009 00:13:07.541,1.3253000000000001,1.3251000000000002,11.2,6.4
01.05.2009 00:13:13.129,1.3253000000000001,1.3251000000000002,11.2,9.6
01.05.2009 00:13:37.353,1.3253000000000001,1.3251000000000002,11.2,11.4
01.05.2009 00:13:39.003,1.3253000000000001,1.32515,4.8,8
01.05.2009 00:13:39.363,1.3254000000000001,1.3252000000000002,3.2,4.8
01.05.2009 00:13:39.713,1.32545,1.32525,7.8,3.2
01.05.2009 00:13:40.053,1.32545,1.3254000000000001,3.2,4.8
01.05.2009 00:13:40.453,1.3255000000000001,1.3254000000000001,7.8,4.8
01.05.2009 00:13:41.672,1.32555,1.3254000000000001,10.4,4.8
01.05.2009 00:13:41.842,1.32555,1.3254000000000001,8.2,4.8
01.05.2009 00:13:41.952,1.32555,1.3253000000000001,7.8,4.8
01.05.2009 00:13:42.232,1.32555,1.32535,3.2,1.6
01.05.2009 00:13:42.542,1.3256000000000001,1.3255000000000001,7.8,4.8
01.05.2009 00:13:45.221,1.3256000000000001,1.3255000000000001,4.6,4.8
01.05.2009 00:13:45.442,1.32565,1.3255000000000001,7.8,4.8
01.05.2009 00:13:46.251,1.3255000000000001,1.3254000000000001,4.8,7.2
01.05.2009 00:13:46.371,1.3255000000000001,1.3254000000000001,6.4,2.4
01.05.2009 00:13:46.591,1.3255000000000001,1.32525,6.4,8.2
01.05.2009 00:13:58.059,1.3254000000000001,1.3253000000000001,4.8,11.4
01.05.2009 00:13:58.348,1.3255000000000001,1.3253000000000001,19,11.4
01.05.2009 00:13:59.108,1.3255000000000001,1.3253000000000001,15.8,11.4
01.05.2009 00:13:59.418,1.3255000000000001,1.3253000000000001,11.2,11.4
01.05.2009 00:13:59.998,1.3255000000000001,1.3253000000000001,11.2,14.6
01.05.2009 00:14:00.388,1.3255000000000001,1.3253000000000001,11.2,11.4
01.05.2009 00:14:00.788,1.3255000000000001,1.3253000000000001,11.2,13
01.05.2009 00:14:01.248,1.32545,1.32525,6.4,7.4
01.05.2009 00:14:03.607,1.32545,1.32525,11,7.4
01.05.2009 00:14:03.897,1.32545,1.32525,14.2,7.4
01.05.2009 00:14:04.747,1.32545,1.32535,12.6,1.6
01.05.2009 00:14:05.377,1.32545,1.32525,14.2,13.8
01.05.2009 00:14:05.767,1.32545,1.32525,14.2,5.8
01.05.2009 00:14:05.986,1.32545,1.32525,14.2,2.6
01.05.2009 00:14:06.156,1.32545,1.32525,14.2,8
01.05.2009 00:14:06.216,1.32545,1.32525,14.2,9.8
01.05.2009 00:14:06.536,1.32545,1.32525,14.2,13
01.05.2009 00:14:07.646,1.32545,1.32525,11,13
01.05.2009 00:14:07.766,1.32545,1.32525,6.4,13
01.05.2009 00:14:14.025,1.3254000000000001,1.32525,6.4,11.2
01.05.2009 00:14:14.465,1.3254000000000001,1.3253000000000001,11.2,2.4
01.05.2009 00:14:15.284,1.3254000000000001,1.32525,11.2,4
01.05.2009 00:14:15.454,1.3254000000000001,1.3252000000000002,22.2,4.8
01.05.2009 00:14:15.684,1.32535,1.3252000000000002,8,1
01.05.2009 00:14:15.854,1.32525,1.3252000000000002,1.6,1
01.05.2009 00:14:16.144,1.3252000000000002,1.32505,4.6,3.2
01.05.2009 00:14:16.364,1.3252000000000002,1.32505,7.8,2.4
01.05.2009 00:14:16.484,1.3252000000000002,1.325,7.8,12.8
01.05.2009 00:14:16.724,1.3252000000000002,1.325,7.8,4.8
01.05.2009 00:14:17.064,1.32515,1.32495,7.8,9.8
01.05.2009 00:14:17.294,1.32515,1.32495,7.8,10.4
01.05.2009 00:14:17.534,1.32515,1.32495,7.8,9.8
01.05.2009 00:14:17.763,1.32515,1.32495,12.6,1
01.05.2009 00:14:18.063,1.3251000000000002,1.32495,4.8,1
01.05.2009 00:14:18.404,1.3251000000000002,1.3249,19,8
01.05.2009 00:14:18.694,1.32505,1.3249,3.2,4.8
01.05.2009 00:14:18.923,1.325,1.3249,4.8,4.8
01.05.2009 00:14:19.264,1.325,1.3249,9.6,4.8
01.05.2009 00:14:19.673,1.325,1.3248,19,4.8
01.05.2009 00:14:20.023,1.32485,1.32465,6.4,5
01.05.2009 00:14:20.373,1.32485,1.3246,12.6,7.2
01.05.2009 00:14:20.773,1.32485,1.3246,12.6,4.8
01.05.2009 00:14:21.114,1.3248,1.3245500000000001,7.8,4.8
01.05.2009 00:14:21.293,1.3248,1.3245500000000001,7.8,5.8
01.05.2009 00:14:22.203,1.3248,1.3245500000000001,7.8,8.8
01.05.2009 00:14:22.532,1.3248,1.3246,7.8,4.8
01.05.2009 00:14:23.042,1.3248,1.3245500000000001,7.8,13
01.05.2009 00:14:23.212,1.3248,1.3245500000000001,7.8,5.8
01.05.2009 00:14:25.062,1.32485,1.3246,12.6,4.8
01.05.2009 00:14:32.330,1.32475,1.3245500000000001,6.4,5.8
01.05.2009 00:14:32.670,1.32475,1.3245500000000001,6.4,5.6
01.05.2009 00:14:32.890,1.32475,1.3245500000000001,6.4,5
01.05.2009 00:14:38.358,1.32475,1.3247,6.4,4.8
01.05.2009 00:14:39.858,1.3248,1.3246,14.2,4.8
01.05.2009 00:14:40.098,1.3248,1.3246,14.2,9.8
01.05.2009 00:14:40.678,1.3248,1.32465,4.8,3.2
01.05.2009 00:14:40.908,1.32485,1.3248,14.2,4.8
01.05.2009 00:14:42.358,1.32485,1.3246,14.2,5
01.05.2009 00:14:53.766,1.3248,1.32465,6.4,1.8
01.05.2009 00:14:53.985,1.3248,1.3247,11.2,1
01.05.2009 00:14:54.445,1.3248,1.3246,11.2,9.8
01.05.2009 00:14:54.625,1.3248,1.3246,14.4,9.8
01.05.2009 00:14:54.855,1.3248,1.3246,19,9.8
01.05.2009 00:14:59.154,1.3248,1.3246,15.8,9.8
01.05.2009 00:14:59.264,1.3248,1.3246,11.2,9.8
01.05.2009 00:15:45.723,1.3248,1.3247,4.8,4.8
01.05.2009 00:15:47.182,1.3248,1.32475,4.8,3.2
01.05.2009 00:15:47.352,1.32485,1.32475,4.8,10.2
01.05.2009 00:15:47.642,1.325,1.3249,12.6,4.8
01.05.2009 00:15:47.972,1.325,1.3249,9.4,4.8
01.05.2009 00:15:48.312,1.32505,1.32495,1.6,5
01.05.2009 00:15:48.612,1.32515,1.32495,6.4,6.6
01.05.2009 00:15:48.902,1.3252000000000002,1.325,11.2,11.4
01.05.2009 00:15:51.611,1.32515,1.325,4.8,11.2
01.05.2009 00:15:51.671,1.32515,1.325,6.4,6.4
01.05.2009 00:15:51.901,1.32515,1.325,6.4,1.6
01.05.2009 00:15:51.961,1.32515,1.32495,6.4,6.6
01.05.2009 00:16:07.157,1.32505,1.32495,1.6,5
01.05.2009 00:16:07.447,1.325,1.3249,4.8,4.8
01.05.2009 00:16:08.017,1.3251000000000002,1.32495,1.6,1.6
01.05.2009 00:16:08.407,1.3251000000000002,1.32495,4.8,1.6
01.05.2009 00:16:08.637,1.3251000000000002,1.3249,11.2,11.4
01.05.2009 00:16:08.977,1.32515,1.32495,14.2,4.8
01.05.2009 00:16:09.377,1.32515,1.32495,6.4,6.6
01.05.2009 00:16:15.565,1.32505,1.32495,4.8,6.4
01.05.2009 00:16:15.865,1.32505,1.32495,4.8,6.4
01.05.2009 00:16:16.035,1.325,1.32495,4.8,1.6
01.05.2009 00:16:16.145,1.325,1.32495,4.8,1.6
01.05.2009 00:16:16.385,1.3251000000000002,1.32495,8.6,1.6
01.05.2009 00:16:16.495,1.32515,1.32495,14.2,6.6
01.05.2009 00:16:17.695,1.3251000000000002,1.32495,6.4,3.2
01.05.2009 00:16:18.035,1.3251000000000002,1.3249,11.2,11.4
01.05.2009 00:16:25.363,1.3251000000000002,1.3249,6.4,11.4
01.05.2009 00:16:25.533,1.32515,1.32495,14.2,6.6
01.05.2009 00:16:27.862,1.3251000000000002,1.32495,4.8,6.6
01.05.2009 00:16:27.962,1.3251000000000002,1.32495,11.2,4.8
01.05.2009 00:16:28.082,1.3251000000000002,1.3249,11.2,13.8
01.05.2009 00:16:28.382,1.3251000000000002,1.3249,11.2,11.4
01.05.2009 00:16:45.758,1.3251000000000002,1.3249,19,11.4
01.05.2009 00:16:46.048,1.32505,1.3249,11.2,9.6
01.05.2009 00:16:50.987,1.3251000000000002,1.3249,23,11.4
01.05.2009 00:16:51.206,1.3251000000000002,1.3249,19,11.4
01.05.2009 00:17:10.072,1.325,1.32475,3.2,4.8
01.05.2009 00:17:15.841,1.32495,1.3248,4.8,4.8
01.05.2009 00:17:16.241,1.32495,1.32475,6.4,6.6
01.05.2009 00:17:21.769,1.32495,1.3249,6.4,1
01.05.2009 00:17:26.808,1.32505,1.32485,12.6,1
01.05.2009 00:17:26.918,1.32505,1.32485,14.2,1.6
01.05.2009 00:17:27.198,1.32505,1.32485,14.2,6.6
01.05.2009 00:17:49.272,1.325,1.32485,4.6,3.2
01.05.2009 00:17:49.562,1.325,1.3248,7.8,3.2
01.05.2009 00:17:49.972,1.3249,1.3248,4.8,4.8
01.05.2009 00:17:50.372,1.3249,1.32475,6.4,4.8
01.05.2009 00:17:50.672,1.3249,1.3247,11.2,11.4
01.05.2009 00:17:52.582,1.32485,1.3247,4.8,11.2
01.05.2009 00:17:52.642,1.32485,1.3247,9.6,9.6
01.05.2009 00:17:52.762,1.32485,1.3247,4.8,9.6
01.05.2009 00:17:52.822,1.32485,1.3247,4.8,6.4
01.05.2009 00:17:53.112,1.32485,1.3247,11.2,4.8
01.05.2009 00:17:53.282,1.3249,1.3247,19,9.6
01.05.2009 00:17:53.552,1.32485,1.3247,6.4,9.6
01.05.2009 00:17:53.722,1.32485,1.3247,11.2,9.6
01.05.2009 00:17:54.002,1.32485,1.3247,11.2,8
01.05.2009 00:17:54.181,1.32485,1.3247,11.2,4.8
01.05.2009 00:17:55.201,1.32485,1.3247,19,4.8
01.05.2009 00:17:58.001,1.32485,1.32465,14.2,13
01.05.2009 00:17:58.180,1.32483,1.32463,14.2,11.4
01.05.2009 00:17:58.420,1.32481,1.32461,14.2,9.6
01.05.2009 00:17:58.880,1.3247900000000001,1.32459,14.2,6.4
01.05.2009 00:17:59.170,1.3246,1.3245500000000001,20.1,4.8
01.05.2009 00:18:00.250,1.32458,1.3245200000000001,1.2,8.1
01.05.2009 00:18:00.720,1.32458,1.32448,1.2,11.4
01.05.2009 00:18:01.060,1.3248,1.3244500000000001,20.6,6.4
01.05.2009 00:18:01.240,1.32475,1.3244500000000001,9.6,6.4
01.05.2009 00:18:01.700,1.3248,1.3245500000000001,9.6,4.8
01.05.2009 00:18:01.750,1.3248,1.3246,4.8,4.8
01.05.2009 00:18:01.990,1.3248,1.3245500000000001,4.8,1
01.05.2009 00:18:02.399,1.3247,1.3245,11.2,9.8
01.05.2009 00:18:02.839,1.3247,1.3245,11.2,11.4
01.05.2009 00:18:03.009,1.3247,1.3245,19,11.4
01.05.2009 00:18:03.419,1.32465,1.3245,6.4,4.8
01.05.2009 00:18:03.779,1.3245,1.3244500000000001,1,5.6
01.05.2009 00:18:04.009,1.32475,1.3245,19,6.4
01.05.2009 00:18:04.419,1.3247,1.3245,4.8,6.4
01.05.2009 00:18:04.879,1.3247,1.3245,1.6,9.8
01.05.2009 00:18:05.229,1.32465,1.3245,4.8,11.4
01.05.2009 00:18:05.469,1.3247,1.3245,21.4,11.4
01.05.2009 00:18:05.689,1.3247,1.3245,19,11.4
01.05.2009 00:18:06.508,1.3247,1.3245,19,6.4
01.05.2009 00:18:07.268,1.3247,1.3245,19,4.8
01.05.2009 00:18:07.388,1.32465,1.3245,6.4,4.8
01.05.2009 00:18:07.438,1.32465,1.3245,14.4,4.8
01.05.2009 00:18:07.548,1.32465,1.3245,19,4.8
01.05.2009 00:18:11.157,1.3245,1.3244500000000001,2,7.3
01.05.2009 00:18:13.327,1.3245,1.3244,2,8.8
01.05.2009 00:18:13.667,1.3246,1.3245500000000001,15.5,4.8
01.05.2009 00:18:13.846,1.3246,1.3245500000000001,23.4,4.8
01.05.2009 00:18:14.177,1.3245500000000001,1.3243,17.8,7.2
01.05.2009 00:18:14.406,1.3245500000000001,1.3242,17.4,4.8
01.05.2009 00:18:15.616,1.3245,1.3243,3.2,4.8
01.05.2009 00:18:15.856,1.3245,1.3243,7.8,4.8
01.05.2009 00:18:16.386,1.3245,1.3243,7.8,9.6
01.05.2009 00:18:16.666,1.3245,1.3243,7.8,12
01.05.2009 00:18:16.776,1.3245,1.3243500000000001,7.8,1.6
01.05.2009 00:18:17.456,1.3245,1.3243500000000001,12.6,1.6
01.05.2009 00:18:17.806,1.3245,1.3243,19,6.4
01.05.2009 00:18:21.245,1.3244,1.3243,4.8,4.8
01.05.2009 00:18:21.535,1.3244,1.3243,4.8,8
01.05.2009 00:18:21.705,1.3245,1.3243,20.6,11.4
01.05.2009 00:18:22.005,1.3245,1.3243,19,11.4
01.05.2009 00:18:22.174,1.3245,1.3243500000000001,14.4,1.6
01.05.2009 00:18:22.284,1.3245,1.3244,11.2,4.8
01.05.2009 00:18:22.685,1.3245,1.3243500000000001,11.2,4.8
01.05.2009 00:18:22.804,1.3245,1.3243,11.2,15.4
01.05.2009 00:18:22.984,1.3245,1.3243,11.6,11.4
01.05.2009 00:18:27.013,1.3245,1.3243,11.8,11.4
01.05.2009 00:18:30.912,1.3245,1.3243500000000001,10.2,4.8
01.05.2009 00:18:31.082,1.3245,1.3244,10.2,4.8
01.05.2009 00:18:31.312,1.3245,1.3244,5.4,4.8
01.05.2009 00:18:32.932,1.3246,1.3245,8.2,6.4
01.05.2009 00:18:33.262,1.3246,1.3244500000000001,9.6,6.4
01.05.2009 00:18:33.492,1.3246,1.3244500000000001,4.8,4.8
01.05.2009 00:18:33.652,1.3246,1.3244,11.2,11.4
01.05.2009 00:18:33.942,1.3246,1.3244500000000001,6.4,1.6
01.05.2009 00:18:34.062,1.3247,1.3245500000000001,9.4,1.6
01.05.2009 00:18:34.362,1.3247,1.3245500000000001,4.6,1
01.05.2009 00:18:34.771,1.32475,1.3247,7.8,4.8
01.05.2009 00:18:35.001,1.3248,1.3247,7.8,4.8
01.05.2009 00:18:35.631,1.3248,1.3246,3.2,1.6
01.05.2009 00:18:35.931,1.32485,1.3246,7.8,4.8
01.05.2009 00:18:36.681,1.32485,1.3246,12.6,4.8
01.05.2009 00:18:38.221,1.32485,1.32465,12.6,1
01.05.2009 00:18:38.340,1.32485,1.3247,12.6,1
01.05.2009 00:18:38.631,1.32475,1.3247,4.8,1
01.05.2009 00:18:38.741,1.32465,1.3245500000000001,2.4,5
01.05.2009 00:18:39.191,1.3248,1.3245500000000001,7.8,5
01.05.2009 00:18:39.420,1.32465,1.3245500000000001,2.2,4.8
01.05.2009 00:18:39.651,1.3247,1.3245,13.4,3.2
01.05.2009 00:18:39.990,1.3247,1.3245,13.4,9.6
01.05.2009 00:18:40.230,1.3247,1.3245,11.8,4.8
01.05.2009 00:18:40.500,1.32465,1.3244500000000001,13.4,6.6
01.05.2009 00:18:41.700,1.32465,1.3244500000000001,16.6,6.6
01.05.2009 00:18:41.940,1.32465,1.3244500000000001,21.4,6.6
01.05.2009 00:19:09.373,1.3245500000000001,1.3243,6.4,7.2
01.05.2009 00:19:11.972,1.3245500000000001,1.3243500000000001,6.4,6.8
01.05.2009 00:19:12.212,1.3245500000000001,1.3243500000000001,6.4,6.6
01.05.2009 00:19:13.842,1.3245500000000001,1.3244,4.8,1.6
01.05.2009 00:19:14.072,1.3245500000000001,1.3244,4.8,11.2
01.05.2009 00:19:14.412,1.3246,1.3244,17.4,11.4
01.05.2009 00:19:14.822,1.3246,1.3244,19,11.4
01.05.2009 00:19:15.112,1.3245,1.3244,4.8,9.6
01.05.2009 00:19:15.342,1.3245,1.3244,4.8,4.8
01.05.2009 00:19:17.181,1.3245500000000001,1.3244,4.8,4.8
01.05.2009 00:19:17.361,1.3245500000000001,1.3244,4.8,6.4
01.05.2009 00:19:17.481,1.3246,1.3244,11.2,11.4
01.05.2009 00:19:21.770,1.3245,1.3244,2.2,11.4
01.05.2009 00:19:32.337,1.3245,1.3244,4.8,6.4
01.05.2009 00:19:32.458,1.3245500000000001,1.3244,15,6.4
01.05.2009 00:19:32.628,1.3245,1.3244,2.2,11.4
01.05.2009 00:19:59.441,1.3245,1.3244,8.6,6.4
01.05.2009 00:19:59.611,1.3244500000000001,1.3244,2.2,6.4
01.05.2009 00:19:59.731,1.3244500000000001,1.3243500000000001,9.6,1.6
01.05.2009 00:19:59.901,1.3244500000000001,1.3243,11.2,7.2
01.05.2009 00:20:00.151,1.3244500000000001,1.3243,11.2,4.8
01.05.2009 00:20:00.841,1.3244500000000001,1.3244,1.6,4.8
01.05.2009 00:20:01.191,1.3245,1.3244,11.2,6.4
01.05.2009 00:20:01.661,1.3245,1.3244,4.8,6.4
01.05.2009 00:20:01.781,1.3245,1.3244,6.4,4.8
01.05.2009 00:20:01.950,1.3245,1.3243500000000001,6.4,5
01.05.2009 00:20:02.070,1.3245,1.3243500000000001,6.4,3.2
01.05.2009 00:20:02.241,1.3245,1.3244,9.6,1.6
01.05.2009 00:20:02.540,1.3245,1.3244,4.8,6.4
01.05.2009 00:20:02.770,1.3245,1.3243500000000001,11.2,1.6
01.05.2009 00:20:03.000,1.3245,1.3244,4.8,6.4
01.05.2009 00:20:03.290,1.3245,1.3244,4.8,6.4
01.05.2009 00:20:03.640,1.3245,1.3243500000000001,9.6,1.6
01.05.2009 00:20:03.750,1.3245,1.3244,1.6,4.8
01.05.2009 00:20:04.170,1.3245,1.3244,4.8,1.6
01.05.2009 00:20:04.450,1.3245,1.3244,6.4,1
01.05.2009 00:20:04.730,1.3245,1.3244,4.8,6.4
01.05.2009 00:20:05.070,1.3245,1.3244,4.8,6.4
01.05.2009 00:20:05.520,1.3245,1.3244,6.4,4.8
01.05.2009 00:20:05.869,1.3245,1.3244,9.6,1.6
01.05.2009 00:20:06.109,1.3245,1.3244,2.2,6.4
01.05.2009 00:20:06.459,1.3245,1.3244,4.8,4.8
01.05.2009 00:20:06.859,1.3245500000000001,1.3244,16.6,6.4
01.05.2009 00:20:07.090,1.3245,1.3244,2.2,6.4
01.05.2009 00:20:07.259,1.3245,1.3244,2.2,1.6
01.05.2009 00:20:07.489,1.3245500000000001,1.3244,15,6.4
01.05.2009 00:20:07.659,1.3245,1.3244,2.2,6.4
01.05.2009 00:20:08.469,1.3245,1.3244,1.6,1
01.05.2009 00:20:08.869,1.3245,1.3243500000000001,6.4,4.8
01.05.2009 00:20:09.219,1.3245,1.3243500000000001,9.6,1.6
01.05.2009 00:20:09.448,1.3245500000000001,1.3243500000000001,24.6,4.8
01.05.2009 00:20:09.948,1.3245500000000001,1.3243500000000001,24.6,6.6
01.05.2009 00:20:11.578,1.3245500000000001,1.3243500000000001,19.8,6.6
01.05.2009 00:20:11.758,1.3245500000000001,1.3243500000000001,16.6,6.6
01.05.2009 00:20:12.638,1.3245500000000001,1.3243500000000001,21.4,4.8
01.05.2009 00:20:12.698,1.3245,1.3243500000000001,4.8,4.8
01.05.2009 00:20:12.818,1.3245,1.3243500000000001,9.6,1.6
01.05.2009 00:20:13.108,1.3245,1.3243,11.2,11.4
01.05.2009 00:20:20.276,1.3245,1.3243,9.6,11.4
01.05.2009 00:20:29.174,1.3244500000000001,1.3243,4.8,9.6
01.05.2009 00:20:29.344,1.3244500000000001,1.3243,9.6,4.8
01.05.2009 00:20:40.191,1.3245,1.3243,9.6,11.4
01.05.2009 00:20:41.111,1.3244,1.3243,1,11.4
01.05.2009 00:20:50.848,1.3244500000000001,1.3243,1,11.4
01.05.2009 00:20:51.078,1.3245,1.3243,17.4,11.4
01.05.2009 00:20:51.138,1.3244,1.3243,1,11.4
01.05.2009 00:20:57.237,1.3245,1.3243,17.4,11.4
01.05.2009 00:20:57.407,1.3245,1.3243,14.2,11.4
01.05.2009 00:20:57.467,1.3245,1.3243,9.6,11.4
01.05.2009 00:20:57.647,1.3245,1.3243500000000001,9.6,1.6
01.05.2009 00:20:57.707,1.3245,1.3244,4.8,4.8
01.05.2009 00:21:00.157,1.3247,1.3245500000000001,7.8,4.8
01.05.2009 00:21:01.386,1.32465,1.3244500000000001,3.2,1.6
01.05.2009 00:21:01.806,1.32465,1.3244500000000001,4.8,5.6
01.05.2009 00:21:02.096,1.32465,1.3244500000000001,4.8,7.2
01.05.2009 00:21:03.755,1.32465,1.3244500000000001,4.8,6.6
01.05.2009 00:21:03.936,1.32465,1.3244500000000001,4.8,7.2
01.05.2009 00:21:05.645,1.32465,1.3244500000000001,4.8,6.8
01.05.2009 00:21:05.745,1.32465,1.3244500000000001,4.8,6.6
01.05.2009 00:22:03.131,1.3245500000000001,1.3244500000000001,1,2
01.05.2009 00:22:03.241,1.3245,1.3244500000000001,1,1.6
01.05.2009 00:22:05.350,1.32465,1.3244500000000001,17.4,1.6
01.05.2009 00:22:05.470,1.32465,1.3244500000000001,17.4,4.8
01.05.2009 00:22:05.590,1.32465,1.3244500000000001,17.4,6.6
01.05.2009 00:22:07.250,1.3245500000000001,1.3244500000000001,1.6,6.6
01.05.2009 00:22:07.540,1.3245500000000001,1.3244500000000001,4.8,6.4
01.05.2009 00:22:07.660,1.3245,1.3244,4.8,4.8
01.05.2009 00:22:18.277,1.3246,1.3245,4.8,4.8
01.05.2009 00:22:19.767,1.32465,1.3246,9.6,4.8
01.05.2009 00:22:19.937,1.32465,1.3246,4,4.8
01.05.2009 00:22:30.195,1.32485,1.32465,4.6,4.8
01.05.2009 00:22:30.594,1.3249,1.32465,4.6,6.6
01.05.2009 00:22:32.314,1.3249,1.3247,4.6,1.6
01.05.2009 00:22:40.832,1.3249,1.32465,4.6,6.6
01.05.2009 00:22:42.811,1.3249,1.3247,4.6,1.6
01.05.2009 00:23:08.446,1.32485,1.3247,4.8,1.6
01.05.2009 00:23:20.842,1.3249,1.3247,9.6,11.4
01.05.2009 00:23:21.292,1.3249,1.32475,9.6,3.2
01.05.2009 00:23:21.532,1.3249,1.3248,4.8,4.8
01.05.2009 00:23:23.082,1.32495,1.3248,9.6,4.8
01.05.2009 00:23:23.202,1.3249,1.3248,1.6,4.8
01.05.2009 00:23:23.312,1.3249,1.3248,1.6,9.8
01.05.2009 00:23:23.482,1.32495,1.3248,6.4,9.8
01.05.2009 00:23:23.662,1.3249,1.3248,1.6,11.4
01.05.2009 00:23:24.002,1.32495,1.3248,6.4,9.8
01.05.2009 00:23:24.172,1.32495,1.32475,11.4,6.6
01.05.2009 00:23:24.531,1.32495,1.32475,11.8,6.6
01.05.2009 00:23:24.821,1.32495,1.32475,10.2,6.6
01.05.2009 00:23:26.421,1.32495,1.32475,9.6,6.6
01.05.2009 00:23:50.805,1.32495,1.32475,8,6.6
01.05.2009 00:23:50.985,1.32495,1.32485,1.6,3.2
01.05.2009 00:23:51.155,1.32505,1.32485,12.6,4.8
01.05.2009 00:23:51.395,1.32505,1.32485,7.8,4.8
01.05.2009 00:23:51.625,1.3251000000000002,1.32485,7.8,4.8
01.05.2009 00:23:52.205,1.3251000000000002,1.3249,7.8,3.2
01.05.2009 00:23:52.435,1.3251000000000002,1.3249,7.8,4.8
01.05.2009 00:23:52.835,1.32515,1.32495,7.8,3.2
01.05.2009 00:23:53.394,1.32515,1.32495,7.8,4.8
01.05.2009 00:23:53.994,1.32515,1.32495,12.6,4.8
01.05.2009 00:23:58.923,1.32515,1.32495,12.6,1.6
01.05.2009 00:23:59.143,1.32515,1.3249,12.6,4.8
01.05.2009 00:24:37.414,1.32515,1.3249,12.6,8
01.05.2009 00:24:37.533,1.32515,1.32495,12.6,4.8
01.05.2009 00:24:37.874,1.32515,1.32495,8,6.6
01.05.2009 00:24:37.993,1.32515,1.32495,4.8,6.6
01.05.2009 00:24:38.393,1.32515,1.32495,4.8,9.8
01.05.2009 00:24:38.624,1.32515,1.325,4.8,4.8
01.05.2009 00:24:38.794,1.3252000000000002,1.325,17.4,8.2
01.05.2009 00:24:39.193,1.3252000000000002,1.325,17.4,11.4
01.05.2009 00:24:42.332,1.3252000000000002,1.325,12.8,11.4
01.05.2009 00:24:47.571,1.3252000000000002,1.32505,9.6,3.2
01.05.2009 00:24:48.391,1.32525,1.3252000000000002,12.7,4.8
01.05.2009 00:24:48.451,1.32525,1.3252000000000002,7.8,4.8
01.05.2009 00:24:48.731,1.3253000000000001,1.3252000000000002,4.8,4.8
01.05.2009 00:24:49.181,1.32535,1.3252000000000002,4.6,6.4
01.05.2009 00:24:49.291,1.3254000000000001,1.3252000000000002,17.4,6.4
01.05.2009 00:24:49.571,1.3254000000000001,1.32525,4.6,1.6
01.05.2009 00:24:49.851,1.3254000000000001,1.3252000000000002,11.2,11.4
01.05.2009 00:24:50.251,1.3254000000000001,1.3252000000000002,19,11.4
01.05.2009 00:24:50.361,1.3254000000000001,1.32525,9.4,3.2
01.05.2009 00:24:50.581,1.3254000000000001,1.3252000000000002,19,11.4
01.05.2009 00:24:50.751,1.32535,1.3252000000000002,1.6,5
01.05.2009 00:24:51.240,1.32535,1.3252000000000002,1.6,4.8
01.05.2009 00:24:51.470,1.32545,1.3252000000000002,14,4.8
01.05.2009 00:24:51.691,1.32545,1.32525,15.6,4.8
01.05.2009 00:24:51.920,1.32535,1.3252000000000002,6.4,3.2
01.05.2009 00:24:52.440,1.3254000000000001,1.3252000000000002,7.8,3.2
01.05.2009 00:24:52.780,1.3254000000000001,1.3252000000000002,7.8,4.8
01.05.2009 00:24:56.939,1.32545,1.3252000000000002,12.6,4.8
01.05.2009 00:25:04.107,1.32545,1.32525,14.2,1.6
01.05.2009 00:25:04.387,1.32545,1.32525,9.6,6.6
01.05.2009 00:25:06.637,1.32545,1.32525,9.6,6.8
01.05.2009 00:25:06.696,1.32545,1.32525,9.6,7.2
01.05.2009 00:25:16.704,1.32545,1.32525,9.6,6.6
01.05.2009 00:25:31.061,1.32545,1.32525,9.6,6.8
01.05.2009 00:25:31.241,1.32545,1.32525,9.6,7.2
01.05.2009 00:25:33.330,1.32545,1.32525,9.6,12
01.05.2009 00:25:33.380,1.3255000000000001,1.32525,7.8,10.4
01.05.2009 00:25:33.680,1.3255000000000001,1.3253000000000001,7.8,1.6
01.05.2009 00:25:34.040,1.3255000000000001,1.3253000000000001,4.6,4.8
01.05.2009 00:25:34.240,1.32555,1.3253000000000001,7.8,4.8
01.05.2009 00:25:35.439,1.32555,1.32535,7.8,3.2
01.05.2009 00:25:38.449,1.32545,1.32525,4.8,7.6
01.05.2009 00:25:38.569,1.3255000000000001,1.32525,15.8,7.6
01.05.2009 00:25:38.729,1.32545,1.3253000000000001,1.6,3.2
01.05.2009 00:25:38.899,1.32545,1.3253000000000001,1.6,8
01.05.2009 00:25:39.009,1.3255000000000001,1.3253000000000001,11.2,11.4
01.05.2009 00:25:45.587,1.3255000000000001,1.3253000000000001,6.4,11.4
01.05.2009 00:25:51.816,1.3255000000000001,1.3253000000000001,9.6,8.2
01.05.2009 00:25:51.936,1.3255000000000001,1.32535,12.8,4.8
01.05.2009 00:25:52.106,1.3255000000000001,1.32535,17.4,4.8
01.05.2009 00:25:52.226,1.32545,1.32535,6.4,4.8
01.05.2009 00:25:52.276,1.3254000000000001,1.3253000000000001,4.8,4.8
01.05.2009 00:25:53.825,1.3254000000000001,1.32535,4.8,1.6
01.05.2009 00:25:53.935,1.32545,1.32535,4.8,1.6
01.05.2009 00:25:54.095,1.3255000000000001,1.32535,4.8,3.4
01.05.2009 00:25:54.435,1.32555,1.32535,14.2,6.6
01.05.2009 00:25:54.775,1.32555,1.32535,6.4,6.6
01.05.2009 00:25:56.664,1.32545,1.32535,1.6,5
01.05.2009 00:25:56.945,1.32545,1.3253000000000001,11.2,7.2
01.05.2009 00:25:57.115,1.32545,1.3253000000000001,11.2,4.8
01.05.2009 00:26:00.154,1.32545,1.3253000000000001,14.4,4.8
01.05.2009 00:26:00.394,1.3254000000000001,1.32525,15.2,4.8
01.05.2009 00:26:00.614,1.3254000000000001,1.32525,23.8,4.8
01.05.2009 00:26:01.004,1.32535,1.32525,6.4,4.8
01.05.2009 00:26:01.183,1.32525,1.3251000000000002,6.4,8
01.05.2009 00:26:01.413,1.3252000000000002,1.32515,3.2,4.8
01.05.2009 00:26:01.753,1.3251000000000002,1.32505,4.8,1.6
01.05.2009 00:26:01.923,1.3251000000000002,1.32505,11.2,4.8
01.05.2009 00:26:02.394,1.3252000000000002,1.3251000000000002,15.8,1
01.05.2009 00:26:02.683,1.32515,1.32495,4.8,5
01.05.2009 00:26:02.994,1.32515,1.325,6.4,3.2
01.05.2009 00:26:03.404,1.32525,1.325,12.6,4.8
01.05.2009 00:26:04.983,1.3251000000000002,1.3249,4.8,6.4
01.05.2009 00:26:05.332,1.3251000000000002,1.3249,4.8,4.8
01.05.2009 00:26:05.792,1.32515,1.32495,6.4,4.8
01.05.2009 00:26:07.382,1.325,1.3249,4.8,4.8
01.05.2009 00:26:10.521,1.32505,1.3249,11.2,4.8
01.05.2009 00:26:14.610,1.325,1.3249,1.6,4.8
01.05.2009 00:26:14.730,1.325,1.3248,6.4,19.6
01.05.2009 00:26:15.070,1.325,1.3248,6.4,8.2
01.05.2009 00:26:29.367,1.325,1.3248,11.2,8.2
01.05.2009 00:27:06.667,1.32495,1.32475,6.4,6.6
01.05.2009 00:27:50.107,1.32505,1.3248,7.8,4.8
01.05.2009 00:27:56.186,1.3251000000000002,1.32485,10.2,4.8
01.05.2009 00:27:56.586,1.3251000000000002,1.32485,7.8,4.8
01.05.2009 00:28:26.658,1.32515,1.32495,16.8,1
01.05.2009 00:28:26.928,1.3251000000000002,1.3249,14.4,11.4
01.05.2009 00:28:27.338,1.3251000000000002,1.3249,19,11.4
01.05.2009 00:28:30.577,1.325,1.3249,4.8,6.6
01.05.2009 00:28:30.807,1.325,1.3249,9.6,1.6
01.05.2009 00:28:31.087,1.325,1.3248,11.2,11.4
01.05.2009 00:28:32.977,1.32495,1.3248,1.6,9.8
01.05.2009 00:28:33.177,1.3249,1.3248,4.8,6.4
01.05.2009 00:28:33.547,1.3249,1.32475,6.4,7.8
01.05.2009 00:28:33.717,1.3249,1.3247,11.2,13.8
01.05.2009 00:28:33.837,1.3249,1.3247,11.2,11.4
01.05.2009 00:28:35.076,1.32485,1.3247,4.8,6.4
01.05.2009 00:28:35.246,1.32485,1.3247,9.6,6.4
01.05.2009 00:28:35.586,1.3248,1.3247,1.6,4.8
01.05.2009 00:28:35.926,1.3248,1.32465,1.6,1
01.05.2009 00:28:36.156,1.3248,1.3246,6.4,11.4
01.05.2009 00:28:38.745,1.3248,1.3246,6.4,14.6
01.05.2009 00:28:39.046,1.32485,1.32465,6.4,1.6
01.05.2009 00:28:39.405,1.3249,1.3247,19,6.4
01.05.2009 00:28:40.195,1.3249,1.3247,11.2,6.4
01.05.2009 00:28:50.922,1.32485,1.3247,1.6,4.8
01.05.2009 00:28:51.152,1.32475,1.32465,3.2,3.4
01.05.2009 00:28:51.212,1.32475,1.3246,6.4,4.8
01.05.2009 00:28:51.432,1.3247,1.3246,4.8,4.8
01.05.2009 00:28:51.722,1.3247,1.3245,11.2,9.8
01.05.2009 00:28:52.232,1.3247,1.3245,8,6.4
01.05.2009 00:28:52.922,1.3247,1.3245500000000001,6.4,4.8
01.05.2009 00:28:53.332,1.3248,1.3245500000000001,6.2,4.8
01.05.2009 00:28:53.682,1.3248,1.3245500000000001,4.6,4.8
01.05.2009 00:28:53.862,1.32485,1.3245500000000001,9.4,6.6
01.05.2009 00:28:56.901,1.32475,1.3245500000000001,3.2,6.6
01.05.2009 00:28:57.061,1.32475,1.3245500000000001,6.4,3.4
01.05.2009 00:28:57.291,1.32475,1.3245500000000001,6.4,1.6
01.05.2009 00:29:06.369,1.32465,1.3245,11.2,4.8
01.05.2009 00:29:10.228,1.3248,1.32465,9.6,1.6
01.05.2009 00:29:10.578,1.32485,1.32465,9.6,1.6
01.05.2009 00:29:10.998,1.32485,1.32465,1.6,6.4
01.05.2009 00:29:11.357,1.3249,1.32465,6.4,1.6
01.05.2009 00:29:11.817,1.32495,1.32465,3.2,4.2
01.05.2009 00:29:43.170,1.32495,1.3247,8,3.2
01.05.2009 00:29:45.869,1.32495,1.3247,6.4,3.2
01.05.2009 00:29:46.889,1.32495,1.3247,8,3.2
01.05.2009 00:29:49.848,1.32495,1.3247,12.6,3.2
01.05.2009 00:29:49.958,1.3249,1.3247,4.8,3.2
01.05.2009 00:29:50.068,1.32485,1.32465,4.8,4.8
01.05.2009 00:29:51.148,1.32485,1.32465,4.8,5.4
01.05.2009 00:29:51.678,1.32485,1.32465,4.8,5.8
01.05.2009 00:29:51.908,1.3248,1.32465,9.6,4
01.05.2009 00:29:52.088,1.3248,1.3247,9.6,1
01.05.2009 00:29:52.437,1.32485,1.32465,8,10.6
01.05.2009 00:29:52.847,1.32485,1.3248,4.8,1.6
01.05.2009 00:29:53.137,1.3249,1.32475,9.6,3.2
01.05.2009 00:29:53.437,1.3249,1.32475,9.6,1.6
01.05.2009 00:29:53.667,1.32495,1.32475,8,1.6
01.05.2009 00:29:54.067,1.32495,1.32475,4.8,4.8
01.05.2009 00:29:56.327,1.3249,1.32475,4.8,4.8
01.05.2009 00:29:56.387,1.3249,1.3247,9.6,9.6
01.05.2009 00:30:08.753,1.3249,1.3247,9.6,10.4
01.05.2009 00:30:08.813,1.3249,1.32475,9.6,1.6
01.05.2009 00:30:09.043,1.3249,1.3248,4.8,4.8
01.05.2009 00:30:09.204,1.32495,1.3248,4.8,8
01.05.2009 00:30:09.374,1.32495,1.3248,4.8,9.6
01.05.2009 00:30:09.484,1.325,1.3248,12.8,8.2
01.05.2009 00:30:09.653,1.325,1.3248,9.6,11.4
01.05.2009 00:30:09.934,1.32505,1.32485,12.6,1.6
01.05.2009 00:30:10.163,1.32505,1.32485,4.8,6.6
01.05.2009 00:30:10.443,1.32505,1.32485,4.8,7
01.05.2009 00:30:10.673,1.32505,1.32485,4.8,7.4
01.05.2009 00:30:12.003,1.32505,1.32485,4.8,6.6
01.05.2009 00:30:14.522,1.32505,1.32495,4.8,3.2
01.05.2009 00:30:14.752,1.32505,1.3249,4.8,1.6
01.05.2009 00:30:14.812,1.32505,1.32485,4.8,7.4
01.05.2009 00:30:15.092,1.32505,1.32485,4.8,6.6
01.05.2009 00:30:29.729,1.32505,1.32485,4.8,6.8
01.05.2009 00:30:29.788,1.32505,1.32485,4.8,7.2
01.05.2009 00:30:38.896,1.32505,1.32485,4.8,6.8
01.05.2009 00:30:39.066,1.32505,1.32485,4.8,6.6
01.05.2009 00:31:02.110,1.32505,1.32485,4.8,9.8
01.05.2009 00:31:02.401,1.3251000000000002,1.3249,20.8,1.8
01.05.2009 00:31:02.631,1.3251000000000002,1.3249,12.8,11.4
01.05.2009 00:31:03.700,1.3251000000000002,1.32495,9.6,4.8
01.05.2009 00:31:03.881,1.3251000000000002,1.325,9.6,4.8
01.05.2009 00:31:04.110,1.3251000000000002,1.32495,4.8,6.6
01.05.2009 00:31:04.560,1.3251000000000002,1.32495,9.6,6.4
01.05.2009 00:31:04.960,1.3251000000000002,1.32495,9.6,4.8
01.05.2009 00:31:05.610,1.32515,1.32495,5.4,6.6
01.05.2009 00:31:07.629,1.32515,1.325,5.4,1.6
01.05.2009 00:31:07.969,1.3251000000000002,1.325,1,6.4
01.05.2009 00:31:08.609,1.3251000000000002,1.325,1,11.4
01.05.2009 00:31:13.148,1.32515,1.3251000000000002,1,4.8
01.05.2009 00:31:13.368,1.32515,1.3251000000000002,1,4.8
01.05.2009 00:31:13.598,1.3252000000000002,1.3251000000000002,4.8,4.8
01.05.2009 00:31:13.718,1.32525,1.3251000000000002,12.8,3.2
01.05.2009 00:31:13.898,1.32525,1.3251000000000002,4.8,3.2
01.05.2009 00:31:13.958,1.32525,1.32505,4.8,5
01.05.2009 00:31:14.178,1.3253000000000001,1.32505,7.8,9.8
01.05.2009 00:31:14.558,1.3253000000000001,1.3251000000000002,3.2,1.6
01.05.2009 00:31:14.858,1.32535,1.3251000000000002,7.8,4.8
01.05.2009 00:31:16.178,1.3254000000000001,1.32515,10.2,4.8
01.05.2009 00:31:16.468,1.3254000000000001,1.32515,7.8,4.8
01.05.2009 00:31:17.217,1.32525,1.32515,4.8,4.8
01.05.2009 00:31:17.617,1.32525,1.3251000000000002,4.8,4.8
01.05.2009 00:31:17.837,1.32525,1.32515,4.8,1.6
01.05.2009 00:31:18.117,1.3253000000000001,1.3251000000000002,4.8,4.8
01.05.2009 00:31:18.347,1.32525,1.32505,4.8,6.6
01.05.2009 00:31:18.527,1.3253000000000001,1.3252000000000002,3.2,4.8
01.05.2009 00:31:18.937,1.3253000000000001,1.32505,3.2,1.6
01.05.2009 00:31:19.227,1.32535,1.325,4.6,4.8
01.05.2009 00:31:19.447,1.32535,1.32505,4.6,4.8
01.05.2009 00:31:19.826,1.32535,1.32515,4.8,3.4
01.05.2009 00:31:20.146,1.32535,1.32515,4.8,1.6
01.05.2009 00:31:20.386,1.3254000000000001,1.32515,7.8,1.6
01.05.2009 00:31:20.796,1.32535,1.32515,4.6,6.4
01.05.2009 00:31:21.016,1.32535,1.32515,9.4,1.8
01.05.2009 00:31:21.366,1.3253000000000001,1.32515,8.8,1.8
01.05.2009 00:31:21.706,1.3252000000000002,1.325,9.6,11.4
01.05.2009 00:31:21.826,1.3252000000000002,1.3251000000000002,4.8,4.8
01.05.2009 00:31:22.406,1.3252000000000002,1.32505,9.6,1.6
01.05.2009 00:31:22.646,1.3252000000000002,1.325,9.6,8.2
01.05.2009 00:31:29.164,1.32525,1.32505,17.4,1
01.05.2009 00:31:29.284,1.32525,1.32505,9.4,1.6
01.05.2009 00:31:29.634,1.3252000000000002,1.32505,9.6,1.6
01.05.2009 00:31:30.074,1.3252000000000002,1.325,4.8,11.4
01.05.2009 00:31:30.354,1.32525,1.32505,9.4,1.6
01.05.2009 00:31:44.401,1.32525,1.32505,4.8,6.6
01.05.2009 00:31:44.511,1.32525,1.3251000000000002,4.8,1.6
01.05.2009 00:31:44.750,1.3253000000000001,1.3251000000000002,9.6,8.2
01.05.2009 00:31:45.930,1.3253000000000001,1.32515,9.6,1.6
01.05.2009 00:31:46.160,1.3253000000000001,1.3252000000000002,4.8,4.8
01.05.2009 00:31:46.380,1.32535,1.3252000000000002,4.6,6.4
01.05.2009 00:31:47.740,1.3254000000000001,1.3252000000000002,14.2,6.4
01.05.2009 00:31:49.539,1.3254000000000001,1.3252000000000002,14.2,8.2
01.05.2009 00:31:50.749,1.3254000000000001,1.3252000000000002,9.6,8.2
01.05.2009 00:32:04.356,1.3254000000000001,1.32525,4.8,3.4
01.05.2009 00:32:04.646,1.3254000000000001,1.3253000000000001,4.8,4.8
01.05.2009 00:32:26.720,1.3254000000000001,1.32535,4.8,1
01.05.2009 00:32:26.840,1.32545,1.3254000000000001,8.8,1
01.05.2009 00:32:29.569,1.32545,1.3254000000000001,8.8,1
01.05.2009 00:32:29.969,1.32545,1.3254000000000001,3.2,1
01.05.2009 00:32:30.139,1.32555,1.3255000000000001,22.8,1
01.05.2009 00:32:30.489,1.3255000000000001,1.3253000000000001,9.6,7.9
01.05.2009 00:32:31.479,1.3255000000000001,1.32525,9.6,11.4
01.05.2009 00:32:32.059,1.3255000000000001,1.32525,22.2,8
01.05.2009 00:32:32.219,1.3254000000000001,1.32525,4.8,4.8
01.05.2009 00:33:10.310,1.32545,1.32525,6.4,6.8
01.05.2009 00:33:10.660,1.32545,1.32525,6.4,7.2
01.05.2009 00:33:21.557,1.32545,1.32525,6.4,6.8
01.05.2009 00:33:21.667,1.32545,1.32525,6.4,6.6
01.05.2009 00:33:30.355,1.3254000000000001,1.32525,4.8,6.6
01.05.2009 00:33:30.655,1.3254000000000001,1.3253000000000001,11.2,1
01.05.2009 00:33:31.055,1.3254000000000001,1.3253000000000001,11.2,1
01.05.2009 00:33:31.414,1.3253000000000001,1.32525,4.8,1.5
01.05.2009 00:33:31.714,1.32535,1.3253000000000001,8,1
01.05.2009 00:33:33.294,1.32545,1.3254000000000001,9.4,1
01.05.2009 00:33:33.354,1.32545,1.3254000000000001,9.6,1
01.05.2009 00:33:33.834,1.32545,1.3254000000000001,6.4,1
01.05.2009 00:33:41.802,1.32545,1.32525,6.6,6.6
01.05.2009 00:33:41.962,1.32545,1.32525,7,6.6
01.05.2009 00:33:42.862,1.32545,1.32525,6.6,6.6
01.05.2009 00:33:43.102,1.32545,1.32525,6.4,6.6
01.05.2009 00:34:36.838,1.32535,1.32525,1.6,5
01.05.2009 00:34:36.949,1.3253000000000001,1.32525,4.8,2.4
01.05.2009 00:34:37.129,1.3253000000000001,1.3252000000000002,4.8,7.2
01.05.2009 00:34:37.249,1.3253000000000001,1.3252000000000002,4.8,4.8
01.05.2009 00:34:38.218,1.32535,1.32525,4.8,6.4
01.05.2009 00:34:38.748,1.32545,1.32525,6.4,6.6
01.05.2009 00:34:51.245,1.32535,1.32525,1.6,5
01.05.2009 00:34:51.535,1.3253000000000001,1.3252000000000002,4.8,7.2
01.05.2009 00:34:51.827,1.3253000000000001,1.3252000000000002,4.8,4.8
01.05.2009 00:34:56.704,1.3253000000000001,1.32525,4.8,1.6
01.05.2009 00:34:56.954,1.32535,1.3253000000000001,7.2,3.2
01.05.2009 00:34:57.184,1.32535,1.3253000000000001,4.8,8
01.05.2009 00:34:57.304,1.3255000000000001,1.3254000000000001,19,1
01.05.2009 00:34:57.653,1.3255000000000001,1.3254000000000001,11.2,1
01.05.2009 00:35:04.442,1.32545,1.3254000000000001,4.8,1
01.05.2009 00:35:04.732,1.32545,1.3254000000000001,6.4,1
01.05.2009 00:35:05.602,1.32545,1.32525,6.4,6.6
01.05.2009 00:35:12.590,1.32545,1.3254000000000001,1.6,2
01.05.2009 00:35:12.880,1.3255000000000001,1.3254000000000001,11.2,2
01.05.2009 00:35:21.918,1.3254000000000001,1.32535,4.8,3.8
01.05.2009 00:35:22.268,1.32545,1.3254000000000001,8,1.8
01.05.2009 00:35:24.917,1.32545,1.3254000000000001,4.8,1.8
01.05.2009 00:35:25.037,1.3255000000000001,1.3254000000000001,12.8,1.8
01.05.2009 00:35:25.337,1.3255000000000001,1.3254000000000001,11.2,2
01.05.2009 00:35:27.926,1.32555,1.3255000000000001,19.9,1
01.05.2009 00:35:31.996,1.3255000000000001,1.3254000000000001,11.2,1.8
01.05.2009 00:35:44.112,1.3255000000000001,1.32535,11.2,2.6
01.05.2009 00:35:44.232,1.3255000000000001,1.3253000000000001,11.2,11.4
01.05.2009 00:35:55.929,1.32545,1.3253000000000001,1.6,9.8
01.05.2009 00:35:56.160,1.32545,1.3254000000000001,6.4,1.8
01.05.2009 00:35:56.389,1.3254000000000001,1.32535,4.8,3.4
01.05.2009 00:35:56.629,1.32545,1.3254000000000001,8,1.6
01.05.2009 00:36:03.808,1.3254000000000001,1.32535,4.8,2.4
01.05.2009 00:36:03.977,1.3254000000000001,1.3253000000000001,4.8,4.8
01.05.2009 00:36:26.702,1.3254000000000001,1.3253000000000001,4.8,4.8
01.05.2009 00:36:27.272,1.32545,1.32525,6.4,6.6
01.05.2009 00:36:32.891,1.32545,1.3253000000000001,6.4,1.6
01.05.2009 00:36:33.120,1.3255000000000001,1.3253000000000001,11.2,11.4
01.05.2009 00:36:50.107,1.3255000000000001,1.3253000000000001,11.2,8.2
01.05.2009 00:37:02.823,1.3255000000000001,1.3254000000000001,11.2,1
01.05.2009 00:37:05.973,1.3255000000000001,1.3254000000000001,11.2,1
01.05.2009 00:37:06.912,1.3255000000000001,1.3254000000000001,9.6,1
01.05.2009 00:37:12.411,1.32555,1.3254000000000001,7.2,1.6
01.05.2009 00:37:12.521,1.3256000000000001,1.3254000000000001,4.6,1.6
01.05.2009 00:37:13.101,1.32565,1.32545,9.4,1.6
01.05.2009 00:37:13.341,1.32565,1.32545,6.4,3.2
01.05.2009 00:37:13.621,1.32565,1.32545,6.4,3.4
01.05.2009 00:37:16.920,1.32565,1.32545,6.4,5
01.05.2009 00:37:21.069,1.32565,1.3256000000000001,6.4,1
01.05.2009 00:37:21.239,1.32565,1.32555,6.4,1
01.05.2009 00:37:21.480,1.32565,1.32545,6.4,5
01.05.2009 00:37:21.659,1.32565,1.32545,6.4,4
01.05.2009 00:37:21.999,1.32565,1.32545,6.4,3.4
01.05.2009 00:37:22.399,1.32565,1.32545,11,1.6
01.05.2009 00:37:23.089,1.32565,1.32545,11,3.4
01.05.2009 00:37:25.538,1.32565,1.32545,6.4,3.4
01.05.2009 00:37:25.598,1.32565,1.32545,6.4,4
01.05.2009 00:37:26.617,1.32565,1.32545,6.4,3.4
01.05.2009 00:37:35.845,1.32565,1.32545,6.4,3.6
01.05.2009 00:37:36.065,1.32565,1.32545,6.4,4
01.05.2009 00:37:36.355,1.32565,1.32545,11,4
01.05.2009 00:37:43.123,1.32565,1.32545,6.4,4
01.05.2009 00:37:45.103,1.32565,1.32545,6.4,8.8
01.05.2009 00:37:45.163,1.32565,1.32545,4.8,7.2
01.05.2009 00:37:45.223,1.3257,1.32545,7.8,7.2
01.05.2009 00:37:45.403,1.3257,1.32545,4.6,7.2
01.05.2009 00:37:46.073,1.3257,1.32545,4.6,6.6
01.05.2009 00:37:51.682,1.32565,1.32545,3.2,9.8
01.05.2009 00:38:00.130,1.3255000000000001,1.32535,12.8,1.6
01.05.2009 00:38:00.429,1.3255000000000001,1.3253000000000001,14.4,14.6
01.05.2009 00:38:00.659,1.3255000000000001,1.3253000000000001,14.4,11.4
01.05.2009 00:38:00.949,1.3255000000000001,1.32535,3.2,1.6
01.05.2009 00:38:06.898,1.32555,1.32535,14.2,1.6
01.05.2009 00:38:07.808,1.32555,1.32535,14.2,4.8
01.05.2009 00:38:07.867,1.32555,1.32535,14.2,6.6
01.05.2009 00:38:12.216,1.32555,1.3255000000000001,14.2,1
01.05.2009 00:38:12.396,1.32555,1.32535,14.2,6.6
01.05.2009 00:38:12.626,1.32555,1.32535,14.2,4.8
01.05.2009 00:38:12.796,1.32555,1.32535,14.2,1.6
01.05.2009 00:38:39.820,1.3255000000000001,1.32535,1.6,3.2
01.05.2009 00:38:39.930,1.3255000000000001,1.32535,6.4,3.2
01.05.2009 00:38:39.990,1.3255000000000001,1.3253000000000001,11.2,11.4
01.05.2009 00:38:41.469,1.3255000000000001,1.3253000000000001,14.4,11.4
01.05.2009 00:38:41.529,1.3255000000000001,1.3253000000000001,19,11.4
01.05.2009 00:38:46.998,1.3255000000000001,1.3253000000000001,21.4,11.4
01.05.2009 00:38:47.178,1.3254000000000001,1.3253000000000001,4.8,8
01.05.2009 00:38:47.288,1.3254000000000001,1.3253000000000001,4.8,4.8
01.05.2009 00:38:54.137,1.3254000000000001,1.3252000000000002,20.6,11.4
01.05.2009 00:38:54.316,1.3253000000000001,1.3252000000000002,4.8,9.6
01.05.2009 00:38:54.656,1.32535,1.3252000000000002,1.6,4.8
01.05.2009 00:38:54.946,1.3254000000000001,1.3252000000000002,18.4,8.2
01.05.2009 00:38:55.066,1.3254000000000001,1.3252000000000002,11.2,11.4
01.05.2009 00:39:42.894,1.3254000000000001,1.32525,4.8,4.8
01.05.2009 00:39:43.225,1.3255000000000001,1.32525,15.8,5
01.05.2009 00:39:43.634,1.32545,1.32525,6.4,6.6
01.05.2009 00:39:43.924,1.32555,1.3253000000000001,9.4,4.8
01.05.2009 00:39:44.284,1.32555,1.3253000000000001,7.8,4.8
01.05.2009 00:39:45.954,1.32555,1.32535,7.8,1.6
01.05.2009 00:39:46.064,1.32555,1.32535,7.8,4.8
01.05.2009 00:39:46.294,1.32555,1.3255000000000001,7.8,4.8
01.05.2009 00:39:46.744,1.3256000000000001,1.3255000000000001,7.8,4.8
01.05.2009 00:39:48.063,1.32545,1.32535,4.8,7.2
01.05.2009 00:39:48.363,1.32545,1.32535,4.8,2.4
01.05.2009 00:39:48.533,1.32545,1.32525,4.8,5
01.05.2009 00:39:48.713,1.32545,1.32525,6.4,6.6
01.05.2009 00:39:49.383,1.32545,1.3254000000000001,6.4,1
01.05.2009 00:39:49.683,1.32555,1.3255000000000001,7.8,1.6
01.05.2009 00:39:50.093,1.32555,1.3253000000000001,9.4,6.4
01.05.2009 00:39:50.213,1.32555,1.3255000000000001,9.4,1
01.05.2009 00:39:50.493,1.32555,1.3253000000000001,14.2,6.6
01.05.2009 00:39:54.382,1.32555,1.3254000000000001,12.6,6.4
01.05.2009 00:39:54.662,1.3256000000000001,1.3254000000000001,19,9.6
01.05.2009 00:40:00.580,1.3256000000000001,1.3254000000000001,14.2,9.6
01.05.2009 00:40:00.870,1.3256000000000001,1.32545,9.6,1.6
01.05.2009 00:40:00.930,1.32565,1.32545,11.8,11.4
01.05.2009 00:40:01.430,1.32565,1.32545,14.2,9.6
01.05.2009 00:40:01.770,1.3257,1.32545,7.8,9.8
01.05.2009 00:40:06.219,1.3257,1.3255000000000001,7.8,4.8
01.05.2009 00:40:08.508,1.3257,1.3256000000000001,7.8,3.2
01.05.2009 00:40:08.678,1.32575,1.3256000000000001,7.8,6.4
01.05.2009 00:40:09.258,1.3258,1.3256000000000001,19,11.4
01.05.2009 00:40:09.778,1.3258,1.32565,17.4,1.6
01.05.2009 00:40:09.898,1.32585,1.32565,14.2,1.6
01.05.2009 00:40:10.418,1.32585,1.3257,6.4,4.8
01.05.2009 00:40:10.578,1.3258,1.3257,4.8,6.4
01.05.2009 00:40:10.858,1.3258,1.3257,4.8,4.8
01.05.2009 00:40:11.198,1.3259,1.3258,11.2,1
01.05.2009 00:40:12.247,1.3259,1.3258,11.2,4.8
01.05.2009 00:40:12.368,1.3259,1.3258,4.8,4.8
01.05.2009 00:40:12.728,1.32595,1.3259,9.4,4.8
01.05.2009 00:40:13.347,1.326,1.32595,4.8,11.2
01.05.2009 00:40:13.747,1.3260500000000002,1.32595,1,4.8
01.05.2009 00:40:14.087,1.3260500000000002,1.32595,1,11.4
01.05.2009 00:40:15.297,1.3260500000000002,1.326,1,4.8
01.05.2009 00:40:15.986,1.3260500000000002,1.326,1,8
01.05.2009 00:40:16.207,1.3260500000000002,1.326,1,9.4
01.05.2009 00:40:16.666,1.3261500000000002,1.32595,9.4,6.6
01.05.2009 00:40:17.146,1.3261500000000002,1.32595,1.6,6.6
01.05.2009 00:40:18.346,1.3261500000000002,1.32595,1.6,13
01.05.2009 00:40:18.566,1.3262,1.32595,7.8,11.4
01.05.2009 00:40:19.316,1.3262,1.32595,15.8,5
01.05.2009 00:40:19.496,1.3262,1.326,19,9.6
01.05.2009 00:40:19.666,1.3262,1.326,14.2,11.4
01.05.2009 00:40:25.204,1.3262,1.326,19,11.4
01.05.2009 00:40:26.224,1.3261,1.326,4.8,9.6
01.05.2009 00:40:26.564,1.3261,1.326,4.8,8
01.05.2009 00:40:26.924,1.3261,1.326,4.8,4.8
01.05.2009 00:40:27.434,1.3261,1.326,11.2,4.8
01.05.2009 00:40:27.554,1.3261,1.32595,11.2,4.8
01.05.2009 00:40:28.294,1.3261,1.32585,19,29.4
01.05.2009 00:40:32.393,1.3260500000000002,1.3259,1.6,9.8
01.05.2009 00:40:32.503,1.3260500000000002,1.3259,6.4,8
01.05.2009 00:40:32.673,1.326,1.3259,4.8,4.8
01.05.2009 00:40:41.760,1.3259,1.3258,4.8,9.6
01.05.2009 00:40:42.340,1.32595,1.3258,4.8,11.2
01.05.2009 00:40:42.510,1.326,1.3258,23,11.4
01.05.2009 00:40:42.680,1.3259,1.3258,4.8,11.4
01.05.2009 00:40:42.801,1.3259,1.3258,4.8,9.8
01.05.2009 00:40:43.150,1.3258,1.3257,4.8,12.8
01.05.2009 00:40:43.550,1.3258,1.3257,4.8,6.4
01.05.2009 00:40:44.070,1.3258,1.3257,4.8,8
01.05.2009 00:40:44.400,1.3258,1.32565,11.2,4.8
01.05.2009 00:40:45.220,1.3258,1.3257,4.8,4.8
01.05.2009 00:40:45.330,1.32585,1.3257,6.4,4.8
01.05.2009 00:40:45.550,1.32585,1.32575,4.8,3.2
01.05.2009 00:40:45.849,1.3259,1.32575,11.2,4.8
01.05.2009 00:40:46.030,1.32585,1.32575,6.4,3.2
01.05.2009 00:40:46.379,1.3259,1.32575,11.2,4.8
01.05.2009 00:40:46.879,1.32585,1.32575,6.4,1.6
01.05.2009 00:40:47.349,1.32595,1.32575,11.2,3.4
01.05.2009 00:40:47.519,1.32585,1.3257,6.4,4.8
01.05.2009 00:40:47.699,1.32585,1.3257,6.4,1.6
01.05.2009 00:40:48.049,1.3259,1.32575,4.8,3.2
01.05.2009 00:40:48.409,1.3259,1.32575,1.6,1.8
01.05.2009 00:40:48.759,1.326,1.3258,15.8,8.2
01.05.2009 00:40:49.269,1.32595,1.3258,6.4,1.6
01.05.2009 00:40:51.098,1.3259,1.3258,4.8,8.2
01.05.2009 00:40:51.258,1.3259,1.3258,4.8,6.4
01.05.2009 00:40:51.688,1.326,1.3258,15.8,8.2
01.05.2009 00:40:52.018,1.3259,1.3258,4.8,6.4
01.05.2009 00:40:52.248,1.326,1.3258,17.4,8.2
01.05.2009 00:40:52.718,1.3259,1.3258,4.8,6.4
01.05.2009 00:40:52.948,1.3259,1.3258,4.8,8
01.05.2009 00:40:53.188,1.3259,1.3258,4.8,6.6
01.05.2009 00:40:53.598,1.3259,1.3258,4.8,6.4
01.05.2009 00:40:54.197,1.3259,1.3258,4.8,6.6
01.05.2009 00:40:54.478,1.3259,1.3258,4.8,6.4
01.05.2009 00:40:54.707,1.326,1.3258,19,8.2
01.05.2009 00:40:55.217,1.3259,1.3258,4.8,8.2
01.05.2009 00:40:55.577,1.3259,1.3258,4.8,6.4
01.05.2009 00:40:55.817,1.326,1.3258,17.4,8.2
01.05.2009 00:40:56.227,1.3259,1.3258,4.8,6.6
01.05.2009 00:40:56.567,1.326,1.3258,19,8.2
01.05.2009 00:40:56.907,1.326,1.3258,18.2,8.2
01.05.2009 00:40:57.186,1.32585,1.32575,4.8,1.6
01.05.2009 00:40:57.787,1.32585,1.32575,9.6,1.6
01.05.2009 00:40:58.067,1.32585,1.3257,4.8,1.6
01.05.2009 00:40:58.247,1.32585,1.32575,1.6,3.2
01.05.2009 00:40:58.896,1.3259,1.3257,11.2,11.4
01.05.2009 00:40:59.296,1.32585,1.32575,6.4,1.6
01.05.2009 00:40:59.636,1.3259,1.32575,11.2,1.6
01.05.2009 00:40:59.986,1.3259,1.32575,6.4,1.6
01.05.2009 00:41:00.316,1.3259,1.3258,9.6,4.8
01.05.2009 00:41:00.606,1.3258,1.3257,4.8,9.6
01.05.2009 00:41:00.956,1.3258,1.32575,1.6,1.6
01.05.2009 00:41:01.656,1.32595,1.32575,9.4,1.6
01.05.2009 00:41:02.436,1.3258,1.32575,1.6,1.6
01.05.2009 00:41:02.605,1.3258,1.3257,11.2,6.2
01.05.2009 00:41:02.785,1.3258,1.3257,9.6,6.2
01.05.2009 00:41:03.006,1.3258,1.32565,11.2,4
01.05.2009 00:41:03.285,1.3258,1.32565,11.2,1.6
01.05.2009 00:41:06.175,1.3258,1.32565,11.2,1.6
01.05.2009 00:41:07.734,1.3258,1.32565,4.8,3.4
01.05.2009 00:41:07.904,1.3258,1.32565,5.6,3.4
01.05.2009 00:41:08.074,1.3257,1.32565,4.8,2.4
01.05.2009 00:41:08.294,1.3258,1.32565,13.6,1.6
01.05.2009 00:41:08.524,1.32575,1.32565,4.8,1.6
01.05.2009 00:41:08.814,1.3258,1.32565,11.2,1.6
01.05.2009 00:41:11.323,1.3258,1.3257,9.6,4.8
01.05.2009 00:41:11.603,1.3258,1.3257,16.6,4.8
01.05.2009 00:41:12.013,1.3258,1.3256000000000001,15.8,10.6
01.05.2009 00:41:12.303,1.3258,1.32565,13.6,1.6
01.05.2009 00:41:12.883,1.3258,1.32565,10.4,3.2
01.05.2009 00:41:13.003,1.32575,1.32565,1,3.4
01.05.2009 00:41:13.273,1.32585,1.32565,11,3.4
01.05.2009 00:41:13.743,1.3259,1.3257,15.8,8.2
01.05.2009 00:41:16.312,1.3259,1.3257,11.2,8.2
01.05.2009 00:41:17.502,1.3259,1.32575,11.2,1.6
01.05.2009 00:41:30.409,1.3259,1.3257,14.4,8.2
01.05.2009 00:41:30.639,1.3258,1.3257,4.8,8
01.05.2009 00:41:30.988,1.3258,1.3257,4.8,8.2
01.05.2009 00:41:31.159,1.3259,1.3257,11.2,8.2
01.05.2009 00:41:48.724,1.3259,1.3257,11.2,11.4
01.05.2009 00:41:52.423,1.3259,1.32575,11.2,1.6
01.05.2009 00:41:52.533,1.3259,1.32575,11.2,4.8
01.05.2009 00:41:52.763,1.3259,1.3258,6.4,4.8
01.05.2009 00:41:52.873,1.3259,1.3258,4.8,4.8
01.05.2009 00:41:53.173,1.3259,1.3258,9.6,4.8
01.05.2009 00:41:53.233,1.3259,1.32575,9.6,6.4
01.05.2009 00:41:53.413,1.3259,1.3258,11.2,4.8
01.05.2009 00:41:53.473,1.3259,1.3258,6.4,4.8
01.05.2009 00:41:53.803,1.3259,1.3258,4.8,4.8
01.05.2009 00:42:02.031,1.3259,1.3258,4.8,9.6
01.05.2009 00:42:02.671,1.3259,1.3258,4.8,9.8
01.05.2009 00:42:02.891,1.3259,1.3258,4.6,9.6
01.05.2009 00:42:03.061,1.3258,1.32575,4.8,5.4
01.05.2009 00:42:03.461,1.3258,1.3257,4.8,9.6
01.05.2009 00:42:04.091,1.32585,1.3258,1.6,8
01.05.2009 00:42:04.500,1.3259,1.3258,6.4,8
01.05.2009 00:42:04.680,1.3259,1.32585,4.8,1.6
01.05.2009 00:42:04.920,1.32595,1.32585,6.4,4.8
01.05.2009 00:42:05.210,1.326,1.32585,11.2,4.8
01.05.2009 00:42:07.560,1.326,1.32585,9.6,4.8
01.05.2009 00:42:07.790,1.326,1.32585,4.8,9.6
01.05.2009 00:42:07.970,1.3261,1.3259,14.2,3.2
01.05.2009 00:42:08.239,1.3260500000000002,1.3259,4.8,3.2
01.05.2009 00:42:08.599,1.3261,1.3259,7.8,3.2
01.05.2009 00:42:09.109,1.3261,1.32595,3.2,3.2
01.05.2009 00:42:09.459,1.3261500000000002,1.32595,12.6,3.2
01.05.2009 00:42:10.599,1.3261,1.3259,3.2,4.8
01.05.2009 00:42:11.279,1.3261500000000002,1.3259,12.6,4.8
01.05.2009 00:42:11.398,1.3261500000000002,1.3259,7.8,4.8
01.05.2009 00:42:11.849,1.326,1.3259,4.8,9.6
01.05.2009 00:42:12.249,1.3260500000000002,1.32595,1.6,3.2
01.05.2009 00:42:12.478,1.3261,1.32595,6.4,5
01.05.2009 00:42:12.718,1.3261,1.32595,11.2,4.8
01.05.2009 00:42:16.307,1.3261,1.32595,6.4,5
01.05.2009 00:42:16.857,1.3261500000000002,1.3260500000000002,4.8,1.6
01.05.2009 00:42:17.157,1.3262,1.3261,4.8,4.8
01.05.2009 00:42:17.577,1.3262,1.326,19,13.8
01.05.2009 00:42:17.987,1.3262,1.326,19,13
01.05.2009 00:42:18.167,1.3262,1.326,19,11.4
01.05.2009 00:42:19.377,1.3262,1.326,19,13.8
01.05.2009 00:42:19.597,1.3262,1.3260500000000002,17.4,1.6
01.05.2009 00:42:19.657,1.3262,1.3260500000000002,14.2,1
01.05.2009 00:42:19.887,1.3262,1.326,19,15.4
01.05.2009 00:42:19.947,1.3262,1.326,19,13.8
01.05.2009 00:42:25.465,1.3262,1.326,19,12.2
01.05.2009 00:42:27.175,1.3262,1.326,19,11.4
01.05.2009 00:42:27.405,1.3262,1.326,19,9.8
01.05.2009 00:42:34.503,1.3260500000000002,1.326,2.2,9.8
01.05.2009 00:42:34.673,1.3260500000000002,1.326,6.4,4.8
01.05.2009 00:42:35.003,1.326,1.3259,4.8,11.2
01.05.2009 00:42:35.233,1.326,1.3259,4.8,9.6
01.05.2009 00:42:35.463,1.326,1.32595,4.8,1
01.05.2009 00:42:35.803,1.3261,1.3259,19,9.8
01.05.2009 00:42:36.153,1.3261,1.3259,11.2,9.8
01.05.2009 00:42:36.552,1.3261500000000002,1.32595,14.2,1
01.05.2009 00:42:39.282,1.3261,1.32595,1.6,1
01.05.2009 00:42:39.452,1.326,1.32595,4.8,1
01.05.2009 00:42:39.622,1.326,1.3259,4.8,9.6
01.05.2009 00:42:42.311,1.326,1.3259,4.8,8
01.05.2009 00:42:42.421,1.326,1.3259,4.8,4.8
01.05.2009 00:43:01.507,1.3259,1.3258,6.4,9.6
01.05.2009 00:43:01.837,1.3259,1.32575,11.2,4.8
01.05.2009 00:43:02.116,1.3259,1.32575,17.6,1.6
01.05.2009 00:43:02.407,1.3259,1.3257,22.2,11.4
01.05.2009 00:43:02.856,1.32585,1.3257,6.4,9.6
01.05.2009 00:43:03.086,1.3257,1.32565,4.8,2.4
01.05.2009 00:43:03.306,1.3258,1.32565,4,3.4
01.05.2009 00:43:03.666,1.32585,1.32565,17.4,6.6
01.05.2009 00:43:03.906,1.3258,1.32565,11.2,4.8
01.05.2009 00:43:04.356,1.32585,1.32565,14.2,6.6
01.05.2009 00:43:04.656,1.32585,1.32565,6.4,6.6
01.05.2009 00:43:11.554,1.32585,1.32565,6.4,4.8
01.05.2009 00:43:13.833,1.32585,1.32565,9.6,4.8
01.05.2009 00:43:14.553,1.32585,1.32565,9.6,1.6
01.05.2009 00:43:18.113,1.32585,1.32565,9.6,1
01.05.2009 00:43:42.276,1.32585,1.32565,14.2,1
01.05.2009 00:43:42.567,1.3257,1.32565,6.4,1
01.05.2009 00:43:42.737,1.32565,1.3256000000000001,4.8,8
01.05.2009 00:43:43.097,1.32565,1.32555,11.2,8
01.05.2009 00:43:43.267,1.3256000000000001,1.3255000000000001,4.8,8
01.05.2009 00:43:43.606,1.3255000000000001,1.3254000000000001,4.8,9.6
01.05.2009 00:43:43.977,1.32555,1.3254000000000001,6.4,3.2
01.05.2009 00:43:44.317,1.32555,1.32535,8,3.4
01.05.2009 00:43:44.656,1.32555,1.3254000000000001,4.8,3.2
01.05.2009 00:43:44.876,1.32555,1.3254000000000001,6.4,3.2
01.05.2009 00:44:03.582,1.32565,1.32545,12.6,3.2
01.05.2009 00:44:03.812,1.3256000000000001,1.3254000000000001,3.2,3.2
01.05.2009 00:44:05.091,1.32555,1.3253000000000001,3.2,7.2
01.05.2009 00:44:05.431,1.32555,1.3253000000000001,8,5.6
01.05.2009 00:44:05.601,1.32555,1.3253000000000001,8,3.2
01.05.2009 00:44:13.969,1.32555,1.3253000000000001,12.6,4.8
01.05.2009 00:44:24.686,1.3255000000000001,1.3253000000000001,4.8,4.8
01.05.2009 00:44:24.806,1.32545,1.32525,1.6,9
01.05.2009 00:44:25.086,1.32545,1.32525,6.4,6.6
01.05.2009 00:44:26.706,1.3255000000000001,1.3253000000000001,11.2,6.6
01.05.2009 00:44:27.116,1.3255000000000001,1.3253000000000001,11.2,11.4
01.05.2009 00:45:25.272,1.32545,1.3253000000000001,1.6,9.8
01.05.2009 00:45:25.322,1.32545,1.3253000000000001,1.6,6.6
01.05.2009 00:45:25.442,1.3254000000000001,1.3253000000000001,4.8,6.6
01.05.2009 00:45:25.732,1.3254000000000001,1.3253000000000001,4.8,4.8
01.05.2009 00:45:25.852,1.3254000000000001,1.3253000000000001,4.8,4.8
01.05.2009 00:45:32.850,1.32545,1.32535,1.4,9.8
01.05.2009 00:45:33.100,1.32555,1.3254000000000001,6.4,4.8
01.05.2009 00:45:33.330,1.3256000000000001,1.3254000000000001,7.8,4.8
01.05.2009 00:45:33.500,1.32565,1.32555,3.2,4.8
01.05.2009 00:45:34.060,1.3257,1.32555,7.8,4.8
01.05.2009 00:45:35.899,1.32555,1.32545,3.2,7.2
01.05.2009 00:45:36.069,1.32555,1.32545,4.8,2.4
01.05.2009 00:45:36.239,1.32555,1.32535,4.8,5
01.05.2009 00:45:36.359,1.32555,1.32535,6.4,6.6
01.05.2009 00:46:28.197,1.3255000000000001,1.32535,11.2,4.8
01.05.2009 00:46:28.247,1.3255000000000001,1.3253000000000001,11.2,13.8
01.05.2009 00:46:28.497,1.3255000000000001,1.3253000000000001,11.2,11.4
01.05.2009 00:47:42.278,1.3255000000000001,1.3253000000000001,9.6,11.4
01.05.2009 00:48:52.622,1.3255000000000001,1.32535,9.6,4.8
01.05.2009 00:48:52.801,1.3255000000000001,1.3254000000000001,9.6,4.8
01.05.2009 00:48:53.092,1.3255000000000001,1.3254000000000001,4.8,4.8
01.05.2009 00:49:08.938,1.3255000000000001,1.3254000000000001,4.8,6.4
01.05.2009 00:49:09.278,1.3255000000000001,1.3254000000000001,4.8,6.4
01.05.2009 00:49:09.628,1.3256000000000001,1.3254000000000001,17.4,11.4
01.05.2009 00:49:17.675,1.3256000000000001,1.3254000000000001,19,11.4
01.05.2009 00:49:18.585,1.3256000000000001,1.3254000000000001,17.4,11.4
01.05.2009 00:49:20.695,1.3256000000000001,1.3254000000000001,19,11.4
01.05.2009 00:49:22.774,1.32555,1.3254000000000001,1.6,3.2
01.05.2009 00:49:23.014,1.32555,1.32535,6.4,7.2
01.05.2009 00:49:28.403,1.3255000000000001,1.32535,4.8,7.2
01.05.2009 00:49:28.563,1.3255000000000001,1.32535,9.6,2.2
01.05.2009 00:49:29.023,1.3255000000000001,1.3253000000000001,9.6,11.4
01.05.2009 00:50:10.283,1.3255000000000001,1.3253000000000001,11.2,11.4
01.05.2009 00:50:33.337,1.3255000000000001,1.32535,9.6,1.6
01.05.2009 00:50:33.747,1.3255000000000001,1.32535,4.8,1.6
01.05.2009 00:50:33.867,1.32555,1.32535,6.4,6.6
01.05.2009 00:50:35.727,1.32555,1.32535,6.4,6.8
01.05.2009 00:50:35.846,1.32555,1.32535,6.4,7.2
01.05.2009 00:50:36.127,1.32555,1.3254000000000001,4.8,1.6
01.05.2009 00:50:36.186,1.3256000000000001,1.3254000000000001,19,1.6
01.05.2009 00:50:36.236,1.3256000000000001,1.3254000000000001,19,8.2
01.05.2009 00:50:36.296,1.3256000000000001,1.3254000000000001,19,11.4
01.05.2009 00:50:41.835,1.3256000000000001,1.32545,12.6,1.6
01.05.2009 00:50:42.005,1.3256000000000001,1.3255000000000001,4.8,4.8
01.05.2009 00:50:45.304,1.32565,1.3255000000000001,7.8,6.4
01.05.2009 00:50:45.525,1.3257,1.3255000000000001,21.4,6.4
01.05.2009 00:50:45.704,1.3257,1.32555,15,1.6
01.05.2009 00:50:45.874,1.3257,1.32555,7.8,1.6
01.05.2009 00:50:46.674,1.32575,1.32555,14.2,1.6
01.05.2009 00:50:46.894,1.32575,1.32555,14.2,1.6
01.05.2009 00:50:47.354,1.32575,1.3256000000000001,7.8,6.4
01.05.2009 00:50:47.524,1.3257,1.3256000000000001,12.6,4.8
01.05.2009 00:50:48.324,1.32575,1.3256000000000001,7.8,6.4
01.05.2009 00:50:48.823,1.3258,1.3256000000000001,19,6.4
01.05.2009 00:50:52.373,1.3258,1.3256000000000001,15.8,9.6
01.05.2009 00:50:52.673,1.32575,1.3257,1.6,4.8
01.05.2009 00:50:52.783,1.3258,1.3257,9.4,4.8
01.05.2009 00:50:53.122,1.32575,1.3256000000000001,6.4,4
01.05.2009 00:50:53.352,1.32575,1.32555,6.4,4.2
01.05.2009 00:51:02.360,1.32575,1.32555,6.4,3.8
01.05.2009 00:51:02.480,1.32575,1.32555,6.4,3.6
01.05.2009 00:51:02.760,1.32575,1.32555,6.4,4
01.05.2009 00:51:09.379,1.32575,1.32555,11,2.2
01.05.2009 00:51:14.127,1.32573,1.32553,4.6,1.6
01.05.2009 00:51:15.197,1.32573,1.32548,9.4,1.6
01.05.2009 00:51:15.537,1.3255000000000001,1.3254000000000001,4.8,4.8
01.05.2009 00:51:16.417,1.3256000000000001,1.3254000000000001,19,4.8
01.05.2009 00:51:16.757,1.3255000000000001,1.3254000000000001,4.8,4.8
01.05.2009 00:51:17.217,1.32545,1.32535,6.4,4.8
01.05.2009 00:51:17.516,1.32555,1.3253000000000001,9.4,1.6
01.05.2009 00:51:18.446,1.32555,1.3254000000000001,4.8,3.2
01.05.2009 00:51:18.986,1.3256000000000001,1.32545,11,1
01.05.2009 00:51:19.336,1.3256000000000001,1.3254000000000001,15.8,6.6
01.05.2009 00:51:20.036,1.3256000000000001,1.3254000000000001,15.8,8.2
01.05.2009 00:51:27.174,1.3256000000000001,1.3254000000000001,15.8,6.6
01.05.2009 00:51:27.914,1.3255000000000001,1.3254000000000001,4.8,4.8
01.05.2009 00:51:28.264,1.32555,1.32535,6.4,1.8
01.05.2009 00:51:29.853,1.32555,1.32535,6.4,3.4
01.05.2009 00:51:30.783,1.32555,1.32535,6.4,1.8
01.05.2009 00:51:32.363,1.32555,1.32535,11,1.8
01.05.2009 00:51:33.233,1.32555,1.32535,6.4,1.8
01.05.2009 00:51:33.643,1.32555,1.32535,6.4,3.4
01.05.2009 00:51:33.873,1.3256000000000001,1.3254000000000001,15.8,8.2
01.05.2009 00:51:34.163,1.32555,1.3254000000000001,6.4,1.6
01.05.2009 00:51:34.523,1.32555,1.32535,6.4,3.4
01.05.2009 00:51:34.992,1.3256000000000001,1.3255000000000001,4.8,4.8
01.05.2009 00:51:35.462,1.3256000000000001,1.3255000000000001,11.2,4.8
01.05.2009 00:51:35.692,1.3256000000000001,1.3254000000000001,11.2,8.2
01.05.2009 00:51:36.042,1.3256000000000001,1.3254000000000001,11.2,11.4
01.05.2009 00:51:36.392,1.3256000000000001,1.32545,4.8,1.6
01.05.2009 00:51:36.562,1.3255000000000001,1.3254000000000001,6.4,4.8
01.05.2009 00:51:36.792,1.3255000000000001,1.3254000000000001,11.2,5.4
01.05.2009 00:51:37.082,1.3255000000000001,1.3254000000000001,11.2,3.2
01.05.2009 00:51:37.622,1.3255000000000001,1.3253000000000001,11.2,8.2
01.05.2009 00:51:38.841,1.32555,1.32545,2.2,6.4
01.05.2009 00:51:39.022,1.3256000000000001,1.32545,9.4,4.8
01.05.2009 00:51:39.381,1.3256000000000001,1.32545,9.4,4.8
01.05.2009 00:51:39.721,1.32565,1.3254000000000001,4.6,6.6
01.05.2009 00:51:40.071,1.32565,1.32545,9.4,1.8
01.05.2009 00:51:40.581,1.3257,1.3255000000000001,4.6,1.6
01.05.2009 00:51:48.699,1.32565,1.32535,4.8,8
01.05.2009 00:51:48.919,1.32565,1.32535,7,8
01.05.2009 00:51:49.139,1.3257,1.32535,11.8,3.2
01.05.2009 00:51:49.489,1.32565,1.32535,4.8,8
01.05.2009 00:51:49.709,1.32565,1.32535,4.8,5
01.05.2009 00:51:50.059,1.3257,1.32535,10.2,7.4
01.05.2009 00:51:50.739,1.32575,1.3254000000000001,15,3.2
01.05.2009 00:51:51.169,1.32575,1.32555,15,3.2
01.05.2009 00:51:51.289,1.32575,1.3256000000000001,11.8,4.8
01.05.2009 00:51:51.448,1.3257,1.3256000000000001,6.2,4.8
01.05.2009 00:51:51.798,1.3257,1.32545,7.8,6.4
01.05.2009 00:51:52.138,1.32575,1.32535,15,4.8
01.05.2009 00:51:52.538,1.32565,1.32545,9.6,1.6
01.05.2009 00:51:52.898,1.32565,1.32545,9.6,1.6
01.05.2009 00:51:53.138,1.32565,1.32545,9.6,4.8
01.05.2009 00:51:53.428,1.32565,1.32545,8,3.2
01.05.2009 00:51:53.788,1.32565,1.32545,9.6,4.8
01.05.2009 00:51:54.648,1.32565,1.3254000000000001,8,11.2
01.05.2009 00:51:54.828,1.32565,1.32555,8,1.6
01.05.2009 00:51:55.058,1.32565,1.32545,8,3.2
01.05.2009 00:51:55.278,1.32565,1.32545,9.6,4.8
01.05.2009 00:51:55.857,1.32565,1.3255000000000001,4.8,4.8
01.05.2009 00:51:56.038,1.3256000000000001,1.3255000000000001,4.8,6.4
01.05.2009 00:51:56.298,1.3256000000000001,1.3255000000000001,4.8,4.8
01.05.2009 00:51:56.477,1.32565,1.3255000000000001,1.6,4.8
01.05.2009 00:51:56.767,1.3257,1.3255000000000001,14.4,6.4
01.05.2009 00:51:57.187,1.3257,1.3255000000000001,14.4,9.6
01.05.2009 00:51:57.717,1.3257,1.32555,8,1.6
01.05.2009 00:51:58.007,1.3257,1.3256000000000001,8,4.8
01.05.2009 00:51:58.936,1.3257,1.32555,8,1.6
01.05.2009 00:51:59.226,1.3257,1.3255000000000001,11.2,11.2
01.05.2009 00:51:59.806,1.3257,1.3255000000000001,11.2,9.6
01.05.2009 00:52:00.106,1.3257,1.3255000000000001,14.4,9.6
01.05.2009 00:52:01.096,1.32565,1.3255000000000001,4.8,9.6
01.05.2009 00:52:01.386,1.32565,1.32545,9.6,9.6
01.05.2009 00:52:01.566,1.32565,1.32545,9.6,4.8
01.05.2009 00:52:01.976,1.32565,1.32545,8,2.4
01.05.2009 00:52:02.206,1.32565,1.3254000000000001,8,3.2
01.05.2009 00:52:02.776,1.32555,1.3254000000000001,4.8,1.6
01.05.2009 00:52:03.295,1.3256000000000001,1.32545,3.2,1.6
01.05.2009 00:52:03.465,1.32555,1.3254000000000001,4.8,4.8
01.05.2009 00:52:03.815,1.3255000000000001,1.3254000000000001,4.8,4.8
01.05.2009 00:52:05.735,1.3256000000000001,1.32545,5.6,1.6
01.05.2009 00:52:05.965,1.3256000000000001,1.32545,11.2,1.6
01.05.2009 00:52:06.125,1.32555,1.32545,1.6,1
01.05.2009 00:52:06.295,1.32555,1.32535,6.4,4.8
01.05.2009 00:52:06.585,1.32555,1.32535,4.8,8
01.05.2009 00:52:06.925,1.3256000000000001,1.32535,3.2,8
01.05.2009 00:52:07.684,1.32545,1.32535,1.6,8
01.05.2009 00:52:08.084,1.32555,1.32535,3.2,8
01.05.2009 00:52:08.254,1.32555,1.32535,3.2,3.2
01.05.2009 00:52:08.424,1.3255000000000001,1.32535,4.8,3.2
01.05.2009 00:52:08.604,1.3255000000000001,1.32535,6.4,3.2
01.05.2009 00:52:08.944,1.3255000000000001,1.3254000000000001,4.8,4.8
01.05.2009 00:52:11.644,1.32555,1.32535,8,8
01.05.2009 00:52:11.703,1.32555,1.32535,8,3.2
01.05.2009 00:52:11.994,1.32555,1.3254000000000001,9.6,4.8
01.05.2009 00:52:12.234,1.32555,1.3254000000000001,4.8,9.6
01.05.2009 00:52:12.293,1.3256000000000001,1.3254000000000001,14.4,9.6
01.05.2009 00:52:12.643,1.3256000000000001,1.32545,12.8,1.6
01.05.2009 00:52:13.153,1.3256000000000001,1.3255000000000001,3.2,6.4
01.05.2009 00:52:13.503,1.32565,1.3255000000000001,3.2,6.4
01.05.2009 00:52:15.183,1.3257,1.3256000000000001,12.8,4.8
01.05.2009 00:52:15.713,1.3257,1.32555,12.8,1.6
01.05.2009 00:52:15.773,1.3257,1.32555,4.8,1.6
01.05.2009 00:52:16.063,1.32575,1.32555,9.6,1.6
01.05.2009 00:52:16.233,1.32575,1.32555,9.6,4.8
01.05.2009 00:52:18.842,1.32575,1.32555,9.6,6.6
01.05.2009 00:52:19.112,1.32575,1.3257,1.6,4.8
01.05.2009 00:52:19.352,1.3257,1.32565,11.2,1
01.05.2009 00:52:19.712,1.3257,1.3256000000000001,9.6,4.8
01.05.2009 00:52:19.941,1.3256000000000001,1.32555,4.8,2.4
01.05.2009 00:52:20.221,1.3256000000000001,1.3255000000000001,4.8,4.8
01.05.2009 00:52:20.842,1.3257,1.32555,13.6,1.6
01.05.2009 00:52:21.251,1.3257,1.32555,6.4,1
01.05.2009 00:52:21.421,1.32575,1.32555,12.8,1.6
01.05.2009 00:52:21.601,1.3257,1.32555,4.8,1.6
01.05.2009 00:52:21.771,1.3257,1.3255000000000001,11.2,9.6
01.05.2009 00:52:21.991,1.3257,1.3255000000000001,6.4,9.6
01.05.2009 00:52:22.171,1.3257,1.32555,4.8,1.6
01.05.2009 00:52:22.691,1.32575,1.32555,9.6,1.6
01.05.2009 00:52:33.128,1.3256000000000001,1.3254000000000001,11.2,9.6
01.05.2009 00:52:34.998,1.3256000000000001,1.3254000000000001,14.4,9.6
01.05.2009 00:52:35.418,1.3255000000000001,1.3254000000000001,4.8,8
01.05.2009 00:52:35.758,1.3255000000000001,1.3254000000000001,4.8,9.6
01.05.2009 00:52:35.998,1.3256000000000001,1.3254000000000001,11.2,9.6
01.05.2009 00:52:39.727,1.32555,1.3254000000000001,4.8,4.8
01.05.2009 00:52:39.957,1.3256000000000001,1.3254000000000001,14.4,6.4
01.05.2009 00:52:40.476,1.32555,1.3254000000000001,1.6,4.8
01.05.2009 00:52:40.876,1.3254000000000001,1.32535,4.8,1.6
01.05.2009 00:52:41.286,1.3254000000000001,1.32535,4.8,3.2
01.05.2009 00:52:41.456,1.32545,1.32535,4.8,4.8
01.05.2009 00:52:41.796,1.32555,1.32535,6.4,4.8
01.05.2009 00:52:42.536,1.3256000000000001,1.3254000000000001,14.4,9.6
01.05.2009 00:52:43.296,1.32555,1.3254000000000001,6.4,3.2
01.05.2009 00:52:48.215,1.32555,1.3254000000000001,4.8,4.8
01.05.2009 00:52:48.375,1.3256000000000001,1.3254000000000001,11.2,9.6
01.05.2009 00:52:48.775,1.3256000000000001,1.3254000000000001,11.2,11.4
01.05.2009 00:52:53.343,1.3256000000000001,1.3254000000000001,14.4,8.2
01.05.2009 00:52:53.513,1.32555,1.3254000000000001,4.8,1.6
01.05.2009 00:52:53.693,1.32555,1.3254000000000001,4.8,3.2
01.05.2009 00:52:53.863,1.32555,1.3254000000000001,4.8,8
01.05.2009 00:52:53.973,1.3256000000000001,1.3254000000000001,11.2,11.4
01.05.2009 00:52:54.273,1.3256000000000001,1.3254000000000001,11.2,6.6
01.05.2009 00:52:54.383,1.32555,1.32535,6.4,6.6
